2916 4872
468 432 591 488 Sebedae
608 433 805 502 grammaticae.
919 395 922 404 ³
1160 431 1200 494 69

86 605 226 674 eontraeti
251 611 327 672 sunt
347 613 446 688 atque
466 605 509 672 ed
531 605 692 674 adieetiva
713 602 806 688 ἐμός,
830 603 891 683 σός
913 625 979 672 non
1001 605 1107 674 minus
1129 627 1201 690 per·

85 705 176 772 tinent
189 723 289 786 quam
311 702 404 770 latini
426 702 625 787 pronominis
645 702 825 787 personalis
847 703 989 788 genetivi
1004 706 1073 777 mei,
1098 706 1146 768 cni
1159 704 1202 771 ad

85 801 292 869 nominativos
313 821 407 874 meua,
431 810 502 866 ittae
524 801 593 880 (etr.
615 802 726 876 nostri,
749 802 869 878 vertit.
945 827 953 834 ·

158 900 262 966 Plane
277 898 343 964 alio
357 898 453 966 modo
471 898 638 965 Doridis
653 897 823 981 formae,
845 917 978 982 querum
993 920 1059 968 uon
1080 919 1204 984 pauoae

84 997 302 1064 insolentiores
323 1002 421 1079 atque
442 1004 620 1064 memoratu
643 996 806 1080 digniores
827 1003 966 1078 exstem,
990 996 1204 1082 explioandae

83 1100 156 1162 sunt.
188 1094 273 1162 Sunt
290 1099 398 1161 autem
419 1095 497 1160 hae:
520 1092 665 1177 ἐμοῦς,
688 1092 805 1176 ἐμεῦ,
827 1091 941 1177 ipio,
964 1092 1112 1178 ἒμίως,
1135 1118 1204 1160 τε·

85 1198 163 1275 οῦς,
193 1197 285 1270 τεῦ,
317 1195 424 1270 stoc,
457 1194 576 1269 τέως,
608 1195 683 1258 τίω
713 1192 803 1266 (nur.
825 1191 868 1276 ΙΙ,
898 1196 983 1268 248).
1028 1192 1134 1274 Atque
1162 1191 1204 1258 de

85 1289 196 1373 origine
232 1308 342 1355 eorum
375 1307 448 1356 mea
479 1288 608 1371 quidem
641 1290 803 1380 sententia
835 1289 1059 1358 Sehleieherus
1090 1309 1204 1374 parum

85 1387 186 1454 dextre
210 1387 377 1470 exposuit,
408 1385 517 1468 quiin
540 1385 669 1470 Oomp.³
696 1408 728 1470 p.
753 1390 815 1454 632
844 1387 890 1452 ait
919 1387 1017 1465 „dass
1039 1389 1086 1454 sie
1108 1387 1204 1454 nooh·
1325 1403 1330 1412 ·

83 1485 156 1552 mals
178 1485 240 1551 das
255 1483 425 1551 denefin-r
446 1503 490 1550 an
509 1482 561 1550 die
579 1484 667 1553 alten
682 1484 840 1552 Genenve
862 1485 990 1569 fugent
1020 1484 1204 1552 Sohleiehe·

84 1602 145 1648 rum
165 1602 239 1648 oum
261 1581 317 1648 alii
340 1587 409 1647 tum
422 1580 624 1664 Brugmanus
644 1589 772 1650 seoutus
793 1588 843 1650 est
864 1582 898 1648 in
921 1581 1045 1650 dissert.
1069 1581 1111 1648 de
1132 1601 1205 1666 pro-

84 1678 158 1746 duet.
188 1679 329 1763 supplet.
361 1678 465 1756 (Stud.
481 1677 540 1744 »lv
569 1699 602 1763 p.
628 1680 717 1760 185),
749 1679 812 1746 rrisi
845 1678 931 1762 quod
964 1678 1205 1764 pronominales

84 1776 189 1862 stirpes
212 1775 459 1844 consonantium
480 1775 707 1842 terminatione
721 1795 773 1839 -or
788 1794 860 1843 esse
873 1776 1007 1843 affeetas
1029 1774 1204 1860 profitetur.

83 1874 121 1940 At
140 1872 285 1956 regnatis
306 1873 427 1957 linguis
441 1874 475 1940 in
493 1872 767 1956 comparationem
789 1871 944 1940 adhibitis
965 1873 1102 1940 fortasse
1123 1873 1205 1940 haee

84 1992 158 2054 quae
182 1971 327 2054 seqnitur
349 1971 524 2054 explieatio
551 1961 618 2036 noo
638 1970 742 2038 solum
771 1970 886 2054 aptior,
917 1970 975 2037 sed
1004 1970 1102 2037 etiam
1131 1971 1205 2037 sim·

83 2069 188 2153 plioior
210 2085 283 2136 esse
304 2066 477 2136 videbitur.

161 2167 268 2251 Supra
300 2165 547 2234 eommemoravi
580 2184 623 2231 ex
660 2165 859 2248 pronominis
897 2165 1071 2250 possessivi
1104 2165 1205 2252 stirpe

82 2283 177 2328 namu
210 2262 388 2331 ablativum
420 2261 677 2346 pronominalem
704 2262 739 2329 in
766 2262 867 2330 Vedis
894 2274 1010 2328 memor
1034 2264 1203 2329 formatum
1319 2275 1322 2280 '

84 2380 148 2428 esse
175 2361 219 2428 ad
247 2360 489 2428 similitudinem
518 2359 741 2442 genetivorum
770 2370 884 2435 mmet,
911 2359 1022 2444 juvat,
1048 2361 1204 2450 jmlmat.

83 2457 146 2525 Neo
166 2460 272 2525 minus
294 2459 329 2524 in
351 2459 463 2542 lingua
476 2456 611 2524 zendioa
624 2456 776 2524 adieetivi
798 2457 881 2521 tirno
902 2458 1064 2525 ablativus
1087 2457 1205 2522 tueat-

83 2560 141 2636 ner
166 2555 328 2623 interdum
356 2576 414 2643 pro
443 2553 659 2639 pronominali
687 2563 753 2632 tuor
788 2553 915 2637 legitur.
965 2554 1205 2638 antiquissimis

83 2659 185 2722 autem
205 2654 402 2736 temporibus
423 2653 452 2720 is
474 2673 544 2720 mos
566 2651 693 2720 videtur
714 2649 823 2734 fuisse,
846 2657 881 2717 ut
902 2638 1126 2737 pronominum
1149 2652 1206 2717 ab·

83 2749 170 2816 lativi
190 2755 246 2816 aut
266 2750 359 2821 brevi
381 2749 494 2817 suffixo
525 2749 592 2827 (eir.
614 2758 746 2820 memet,
769 2757 885 2820 manat,
908 2748 1020 2832 janot,
1046 2749 1204 2834 jrnlmutt
1323 2754 1325 2758 ’

83 2854 135 2914 aut
155 2848 250 2932 longo
266 2848 332 2926 (eir.
346 2848 479 2933 jurarit,
503 2849 628 2923 immiti
650 2852 824 2914 uterentur.
853 2843 955 2926 Quem
970 2865 1093 2912 morem
1107 2847 1205 2912 etiam

84 2945 116 3012 in
136 2966 251 3030 graeoa
272 2946 384 3030 lingua
405 2945 618 3028 agnoseimus.
662 2946 733 3011 Iam
761 2943 887 3028 pridem
909 2943 994 3010 enim
1017 2943 1056 3010 G.
1078 2942 1205 3010 Curtius

82 3043 113 3109 in
141 3044 219 3111 uus.
247 3044 352 3112 Rhen.
385 3031 466 3109 1845
495 3064 529 3127 p.
551 3046 613 3108 249
644 3044 780 3127 (Etym.⁴
807 3061 839 3124 p.
864 3043 938 3122 582)
967 3031 1069 3128 ἦμος,
1097 3047 1205 3129 τῆμος

83 3147 219 3210 vetustos
241 3161 314 3210 esse
334 3140 495 3209 ablativos
517 3148 567 3208 est
580 3144 831 3222 argumentatus.
869 3137 948 3204 (inm
970 3138 1059 3206 hisee
1080 3141 1205 3222 graeois

82 3237 186 3306 formis
207 3239 433 3324 oognationem
455 3237 619 3321 quandam
640 3236 763 3303 babent
784 3236 961 3302 sanseritae
979 3236 1117 3321 juranda
1141 3246 1205 3300 tm·-

84 3339 160 3410 mes,
186 3336 249 3404 nisi
269 3335 356 3420 quod
383 3335 447 3402 hae
474 3335 572 3417 longo
594 3333 708 3400 suffixo
730 3332 960 3404 adieetivornm
983 3333 1036 3400 vel
1059 3333 1206 3399 substan-

84 3433 214 3500 tivorum
235 3452 324 3499 more
346 3433 501 3498 formatae
520 3437 605 3514 sunt,
627 3450 698 3497 oum
720 3449 858 3514 graeeae
878 3430 920 3496 ab
942 3427 1091 3515 *jermai
1114 3428 1204 3493 *tor-

85 3540 147 3594 mat
173 3531 238 3610 (eir.
260 3541 363 3594 armat
390 3530 519 3614 aliaque
548 3528 583 3594 id
610 3536 724 3613 genus)
755 3533 867 3610 aperte
896 3527 1051 3609 originem
1075 3526 1204 3592 donant.

85 3628 178 3694 Porro
198 3627 232 3694 in
253 3629 320 3695 alia
340 3646 467 3712 quoqne
489 3627 592 3693 forma
612 3625 770 3692 sanserita
791 3630 825 3691 et
849 3641 967 3707 graeoa
987 3623 1099 3706 lingua
1120 3622 1205 3689 inter

86 3743 156 3792 sese
175 3725 367 3810 conspirant.
412 3725 651 3791 Homerioornm
673 3724 760 3791 enim
781 3721 957 3788 carminum
979 3712 1051 3807 ἧος,
1077 3740 1120 3788 ex
1141 3738 1204 3803 qno

86 3841 144 3906 per
163 3823 318 3890 voealium
339 3821 531 3906 quantitatis
551 3819 745 3888 metathesin
768 3817 833 3896 ἕως
854 3817 958 3883 torma
978 3816 1107 3901 prodiit,
1139 3837 1205 3884 una

88 3917 257 4004 eademque
278 3920 381 3987 torma
403 3925 452 3986 est
473 3937 512 3984 ae
526 3936 646 3989 sansor.
660 3915 765 4000 javat,
788 3914 838 3980 nd.
851 3928 957 3999 paoni.
988 3913 1092 3981 Simili
1107 3914 1203 3980 modo

87 4035 129 4084 ex
143 4012 232 4093 tonat,
255 4016 340 4102 quod
354 4014 513 4083 sanserita
534 4014 646 4099 lingua
661 4011 802 4094 exhibet,
824 4029 974 4096 graeeum
990 4008 1076 4090 τέως
1091 4017 1203 4080 natum
