2986 4864
748 423 839 492 Spicss

552 660 572 740 ξ
599 663 645 724 16.
692 659 815 726 Varia
838 657 1043 743 quaedam.

319 796 369 861 De
398 795 613 878 spirituum
643 793 767 860 ratione
795 794 881 878 apud
905 795 1079 861 Dorienses
1109 815 1214 879 pauca
1246 817 1288 862 ex
1315 798 1363 862 in·

153 932 155 937 .
234 892 458 976 scriptionibus
486 881 724 958 vetustioribus
744 892 911 972 discimus,
939 895 1040 958 multo
1068 893 1174 959 miuus
1203 913 1245 959 cx
1273 894 1363 960 libris

232 1011 330 1056 manu
352 989 493 1074 scriptis3
522 989 717 1074 paucissima
738 990 937 1073 grammatici
960 990 1171 1074 praecipiunt.
1216 992 1365 1075 Apparet

233 1105 275 1154 ex
302 1089 364 1154 hac
391 1107 427 1154 rc
454 1107 519 1151 non
542 1089 676 1152 multum
700 1087 740 1153 de
762 1088 929 1152 Alcmauis
956 1087 1093 1153 dialecto
1116 1088 1227 1170 colligi
1256 1108 1363 1172 posse.

233 1188 385 1251 Attamen
407 1185 564 1250 nonnulla
587 1184 724 1268 vestigia
751 1184 885 1250 rationis
907 1204 927 1249 a
949 1185 1074 1268 vulgari
1098 1184 1228 1250 alienae
1241 1187 1287 1250 *in
1309 1207 1365 1252 nc

233 1285 306 1349 stris
334 1282 522 1365 fragmentis
551 1282 763 1364 reperiuntur.
807 1282 903 1347 Lenis
933 1282 1018 1348 enirn
1046 1282 1178 1366 spiritus
1204 1303 1365 1349 nonnum·
1409 1363 1414 1368 -

233 1399 329 1463 quam
351 1383 496 1464 apparet,
519 1376 573 1442 ubi
589 1379 686 1443 Attici
709 1377 755 1454 (oi
772 1377 978 1455 δασυντικοί)
1001 1401 1151 1464 asperum
1174 1381 1364 1462 pronuntia-

233 1479 327 1542 bant:
372 1473 584 1560 ἀρμόξατο
617 1497 699 1542 unus
732 1475 834 1550 codex
867 1477 895 1540 V
929 1477 1089 1543 Athenaei
1125 1477 1273 1558 praebet.
1323 1479 1362 1543 ci.

231 1571 482 1658 Ἀρμοξιὸάμας
511 1573 579 1638 siue
601 1573 708 1658 asperi
736 1575 828 1656 signo
851 1574 1001 1658 scriptum
1024 1575 1058 1639 in
1081 1575 1175 1640 titulo
1199 1575 1362 1656 antiquis·

233 1674 313 1739 simo
330 1671 364 1737 Ο.
380 1671 406 1737 Ι.
423 1673 460 1738 G.
479 1677 497 1735 4
521 1668 809 1754 τοταρμόξασθαι
830 1672 917 1755 apud
932 1673 1169 1756 Pythagoreum
1187 1677 1363 1741 Arcsamin

232 1770 363 1836 Stobaei
387 1771 497 1852 Eclog.
521 1770 609 1834 152.
633 1763 684 1834 23.
713 1801 755 1814 -
778 1766 997 1850 ἐπαμμέναι
1018 1769 1127 1853 Bergk
1149 1772 1187 1836 ir.
1212 1776 1255 1838 20
1279 1772 1362 1852 (cod.

233 1867 402 1950 ἑπόμεναι
423 1865 517 1951 παρὰ
541 1865 690 1950 δέρματα
712 1869 855 1950 θηρῶν).
885 1861 926 1912 -’
955 1867 993 1931 In
1016 1888 1139 1952 papyro
1162 1865 1294 1934 ἅλιον
1317 1871 1364 1935 iu·

155 1973 157 1979 ’
232 1967 322 2032 venit
344 1965 439 2031 Blass
461 1970 493 2029 ‘A'
515 1969 544 2048 7,
574 1984 645 2030 oum
675 1971 773 2029 antea
801 1963 930 2046 spiritus
959 1964 1085 2046 signum
1116 1987 1181 2031 non
1214 1965 1363 2049 dignosci

233 2070 350 2146 posset.
384 2097 425 2108 -
456 2059 580 2146 Ἀγιόὠ
603 2081 678 2145 pap.
702 2065 731 2124 2.
756 2064 784 2142 6,
809 2064 828 2126 8
857 2063 936 2126 satis
965 2063 1098 2144 planum
1124 2072 1173 2129 cst
1195 2065 1235 2129 ci.
1256 2054 1363 2147 Ἆγις,

230 2155 432 2247 Ἀγησίλαος
465 2160 545 2240 alia,
579 2157 636 2223 sed
662 2152 866 2243 Ἁγησιχόρα
895 2157 989 2226 Blass
1016 2179 1035 2226 c
1067 2179 1152 2226 nova
1184 2162 1363 2227 collatione

233 2258 364 2322 chartac
392 2255 499 2335 dedit,
533 2274 616 2338 quae
648 2275 712 2320 vox
744 2255 831 2338 apud
860 2255 1006 2322 Lacones
1039 2265 1124 2324 certe
1153 2255 1363 2345 Ἀγησιχόρα

197 2433 199 2438 Ι
233 2355 340 2420 sonuit
372 2359 405 2418 et
437 2353 524 2438 apud
552 2353 726 2435 Berghium
758 2360 798 2424 et.
821 2353 1013 2418 Ahrensium
1041 2375 1112 2420 oum
1146 2355 1211 2421 lcni
1246 2355 1363 2440 spiritu

231 2451 388 2517 scribitur.
458 2497 461 2504 ·
1366 2473 1372 2484 ¹

174 2555 176 2559 ’
318 2549 566 2630 Nonnumquam
599 2547 717 2613 Dorica
749 2547 905 2613 dialectos
939 2548 1107 2632 pristinum
1140 2555 1259 2615 statum
1295 2571 1364 2617 scr-

232 2646 338 2728 vavit,
368 2645 424 2710 ubi
450 2646 547 2728 vulgo
576 2651 790 2712 consonantes
818 2646 1033 2728 transpositae
1061 2653 1146 2712 sunt.
1190 2636 1245 2712 Sic
1273 2648 1364 2732 apud

234 2745 439 2810 alemanam:
463 2739 701 2826 κερκολύρα
723 2743 760 2807 ir.
779 2746 848 2824 142,
872 2741 1103 2826 acedieris
1120 2748 1170 2826 36,
1193 2743 1363 2831 κάῤῥων

232 2842 269 2905 ir.
286 2845 336 2922 89,
354 2861 371 2906 c
389 2838 573 2924 *adpcjma
589 2859 660 2930 cum
676 2845 843 2925 apolectum
860 2859 901 2906 ex
915 2839 1083 2926 *aptajwv
1100 2849 1201 2906 ortum
1217 2843 1269 2908 sit.
1294 2843 1362 2928 Sed

232 2943 433 3021 τέτρατον
467 2937 635 3025 ίοτωτίτ.
659 2942 700 3002 76
728 2938 921 3004 metathesin
949 2957 1104 3022 perpessa
1131 2946 1195 3020 cst,
1227 2957 1312 3021 quae
1340 2961 1364 3006 a

233 3035 350 3099 Dorica
379 3033 518 3115 dialecto
547 3035 766 3118 abjudicanda
793 3042 894 3101 metro
922 3035 1075 3100 firmatur.
1119 3037 1193 3100 Non
1226 3057 1362 3120 prorsus

233 3131 346 3197 eadem
369 3131 451 3196 ratio
475 3151 546 3197 esse
567 3132 695 3198 videtur
715 3133 804 3199 vocis
826 3129 1080 3218 ὗττοττετριδίων
1104 3153 1178 3216 pap.
1195 3137 1226 3197 2.
1245 3139 1295 3215 15,
1320 3135 1363 3200 de

227 3249 296 3312 ‘qua
317 3228 464 3295 conferas
487 3228 586 3294 Ourtii
609 3229 721 3295 (ὶτᾰτ.4
743 3236 815 3296 700.
886 3233 889 3236 ’

317 3326 355 3390 In
389 3325 471 3393 duas
502 3346 661 3394 consonas
694 3328 811 3394 exiisse
840 3347 950 3393 vocem
978 3325 1143 3411 μάκαρς
1171 3327 1210 3393 ir.
1236 3330 1286 3393 13.
1321 3333 1361 3392 14
1486 3319 1487 3356 ³

232 3425 318 3508 apud
334 3425 522 3495 Alcmanem
537 3424 635 3491 tradit
651 3425 847 3509 Hephaestio
870 3430 936 3507 p.3
961 3431 992 3489 et
1014 3425 1131 3506 legitur
1154 3425 1235 3489 haec
1256 3424 1361 3490 torma
1486 3443 1487 3448 ’

232 3522 419 3588 Alcmanica
441 3522 534 3604 apud¹
550 3523 657 3606 Apoll.
681 3520 721 3588 dc
744 3541 834 3606 pron.
851 3525 912 3586 334
928 3523 966 3586 A.
1012 3521 1079 3586 Hac
1101 3522 1254 3603 analogia
1276 3541 1362 3586 com·
1405 3582 1407 3586 .

232 3619 384 3703 probatur
400 3623 439 3682 H
442 3643 458 3684 ε
468 3645 486 3703 ρ
496 3623 535 3706 lp
545 3645 563 3703 ρ
573 3643 605 3698 ς,
622 3639 705 3702 quae
720 3639 784 3684 vox
798 3621 928 3684 affertur
944 3619 993 3683 at.
1010 3619 1050 3683 M.
1064 3622 1136 3682 663.
1150 3622 1188 3682 53
1206 3619 1256 3698 (ir.
1275 3623 1357 3700 149),

230 3735 424 3799 quamquam
447 3717 579 3782 Lobeck
600 3716 684 3782 Prol.
700 3717 792 3782 Path.
808 3719 870 3781 282
892 3723 1020 3799 poetam
1035 3720 1167 3801 Περίηρ
1190 3715 1360 3798 scripsisse

232 3815 383 3896 conjecit,
412 3819 448 3878 ut
470 3818 622 3900 Περίηρς
649 3813 928 3895 grammaticorum
951 3817 1165 3878 commentum
1187 3813 1238 3878 sit.
1285 3815 1359 3879 Non
1486 3857 1487 3860 =

232 3916 337 3990 potest
359 3910 512 3991 dubitari,
542 3912 617 3994 quin
640 3930 787 3994 asperam
811 3911 895 3976 hauc
915 3910 1172 3984 terminationem
1196 3929 1237 3974 ex
1260 3911 1359 3976 Laco·
1486 3929 1487 3940 ¹

233 4004 305 4070 nica
344 4006 481 4072 dialecto
518 4015 615 4091 poeta
651 4008 802 4074 hauserit.
847 4043 890 4082 -,
927 4008 1101 4089 Antiquam
1135 4030 1152 4083 ς
1189 4015 1359 4071 servarunt
1486 4015 1487 4036 ¹
