2968 4866
222 411 286 474 312
721 407 855 466 Schrader

221 592 288 667 est,
318 590 353 651 ut
382 583 480 651 etiarn
502 580 604 664 tituli,
633 599 826 664 quamquam
855 579 983 664 puriore
1007 578 1145 646 dialecto
1168 578 1215 645 uti
1238 580 1348 658 solent,

221 683 379 751 nonnulla
407 681 476 754 cius
503 679 631 764 generis
658 678 869 763 praebeant!
921 677 989 744 Nos
1013 678 1049 745 in
1078 676 1216 760 singulis
1243 676 1350 743 formis

223 778 401 850 tractandis
424 778 555 844 nimiam
577 794 649 844 esse
663 774 804 843 Ahrensi
825 774 860 840 in
878 773 928 842 his
942 775 1146 842 severitatem
1162 772 1348 841 videbimus.

309 877 378 944 Hoc
394 875 435 943 de
457 875 558 942 titulis
575 873 765 940 monuimus.
795 873 908 955 Longe
923 872 1020 940 etiam
1035 873 1158 940 maiore
1178 871 1349 938 inlibris

221 983 367 1045 veterum
395 974 457 1040 hcc
483 973 518 1039 in
540 991 576 1040 re
598 971 633 1037 in
658 969 809 1037 iudicium
831 968 987 1036 vocandis
1015 971 1163 1037 cantione
1186 989 1269 1053 opus
1290 978 1349 1053 est,

223 1094 299 1141 nam
323 1079 357 1139 ut
377 1078 512 1152 taceam,
535 1089 631 1153 quam
653 1068 748 1134 facile
771 1067 901 1133 atticum
923 1091 942 1154 η
967 1087 1026 1134 usu
1041 1067 1241 1134 tritissimum
1262 1068 1351 1134 libra·

222 1172 341 1238 norum
374 1176 430 1236 aut
462 1167 632 1234 inscientia
664 1171 720 1231 aut
752 1165 960 1249 neglegentia
987 1167 1021 1231 in
1055 1165 1182 1233 codices
1213 1165 1352 1249 irrepere

223 1267 378 1354 potuerit,
413 1271 448 1331 ut
481 1264 624 1330 omittam
658 1261 746 1346 ipsos
779 1262 963 1329 recentioris
996 1263 1149 1346 temporis
1182 1263 1352 1347 scriptores

223 1365 294 1432 sive
315 1363 461 1430 consulto
483 1362 552 1428 sive
573 1358 744 1426 inscientia
764 1358 978 1445 hyperdorica
999 1379 1099 1446 saepe
1121 1360 1271 1443 finxisse,
1295 1362 1351 1426 hoc
1465 1370 1466 1420 l

222 1461 302 1528 mihi
323 1481 389 1526 non
410 1457 678 1544 praetereundum
701 1464 767 1540 cst,
796 1457 950 1541 plurimos
972 1463 1139 1542 poetarum
1168 1458 1350 1543 lyricorum,

222 1559 277 1643 qui
300 1557 446 1625 dialectis
474 1553 697 1623 aeolo-doricis
723 1554 773 1620 usi
802 1554 902 1621 libros
926 1560 1171 1639 componerent,
1202 1556 1352 1640 quemad·

222 1655 352 1723 modum
375 1655 483 1740 poesis
504 1653 607 1739 lyrica
620 1651 773 1718 universa
794 1653 945 1736 exepica
959 1659 1037 1730 nata
1058 1660 1118 1736 est,
1141 1654 1188 1720 ita
1210 1655 1351 1722 nativam

223 1773 349 1838 quoque
371 1752 542 1820 dialectum
559 1748 658 1834 epicis
673 1749 793 1832 formis,
817 1750 991 1834 vocabulis,
1014 1750 1123 1835 figuris
1144 1757 1351 1836 temperasse.

222 1851 319 1918 Valet
346 1850 443 1934 igitur
472 1849 513 1914 dc
541 1847 717 1928 Corinnae,
753 1847 933 1931 Alcmanis,
969 1848 1113 1930 Pindari,
1149 1850 1272 1934 quippe
1302 1848 1352 1933 qni

220 1950 362 2016 maxime
389 1948 441 2012 hic
470 1943 658 2011 nominandi
687 1952 761 2010 sunt
790 1945 840 2024 (ci.
864 1947 992 2014 Ahrcns
1012 1946 1191 2014 llerhandl.
1215 1947 1247 2014 d.
1271 1948 1351 2013 Phil.

221 2047 308 2113 eost.
334 2048 415 2111 1852
443 2063 474 2126 p.
498 2045 548 2122 66,
578 2044 629 2123 68,
659 2044 729 2124 71),
760 2044 935 2108 carminum
957 2063 1106 2111 sermone
1133 2043 1238 2126 idem,
1269 2044 1351 2128 quod
1467 2031 1468 2044 ¹

221 2143 264 2210 de
285 2143 350 2208 rino
372 2139 513 2206 Pindaro
535 2145 644 2205 monet
666 2139 806 2207 Ioannes
827 2140 1054 2222 grammaticus
1085 2140 1135 2215 (cl.
1160 2140 1259 2226 Greg.
1282 2141 1350 2208 Gor.

221 2261 253 2324 p.
278 2243 370 2315 etet:
417 2231 437 2324 ἦ
472 2241 588 2318 μέντοι
617 2234 791 2323 Πινδάρου
821 2239 935 2323 Δωρὶς
968 2238 1142 2315 παντελῶς
1178 2234 1350 2322 ἀγνοεῖται

220 2338 240 2404 i.
265 2355 292 2404 c.
323 2336 451 2401 illorum
480 2332 610 2399 dialecti
639 2339 671 2399 et
691 2354 848 2418 nusquam
872 2341 904 2402 et
926 2355 1089 2419 nunquam
1112 2336 1146 2400 in
1168 2336 1277 2419 plebis
1299 2358 1350 2404 ore

219 2432 404 2500 floruerunt.
437 2432 646 2514 Summoperc
661 2431 757 2515 igitur
772 2434 833 2500 hac
848 2433 882 2498 in
898 2432 1116 2516 disputatione
1127 2433 1222 2500 nobis
1238 2455 1351 2501 caven·

220 2530 297 2597 dum
320 2535 378 2612 est,
402 2549 443 2597 ne
465 2528 550 2613 quod
574 2533 623 2596 est
637 2528 768 2596 Homeri
790 2531 965 2614 epicaeque
986 2550 1121 2614 poeseos
1143 2531 1223 2615 ipsis
1246 2533 1349 2600 ecolo-

219 2626 337 2702 deficis
359 2626 536 2693 tribuamus
559 2625 714 2693 dialectis.

188 2743 192 2752 ·
306 2724 402 2792 Velut
431 2725 517 2809 quod
550 2723 667 2808 legitur
695 2722 729 2789 in
757 2725 970 2792 Alcmanis
1003 2726 1182 2810 fragmento
1212 2730 1255 2791 26
1283 2727 1349 2793 Bi:

101 2861 103 2868 ·
220 2822 358 2910 νηλεγὲς
380 2809 462 2910 ἦτορ
486 2819 570 2903 ’έχων
600 2821 725 2900 1Ρίιιᾶ.ι
762 2809 856 2909 ἦτορ)
886 2823 961 2890 aliis
982 2823 1180 2907 argumentis
1203 2823 1350 2890 deficien-

219 2919 305 2986 tibus
328 2919 398 3001 qnis
421 2925 469 2985 est
492 2919 545 3002 qui
566 2918 643 2986 inde
665 2919 830 3004 collegerit
849 2921 1023 2988 Dorienses
1048 2911 1128 3008 ἦτορ
1151 2941 1217 2987 non
1241 2909 1348 3007 *ἆτορ

219 3015 456 3101 pronuntiasse,
473 3017 499 3082 si
516 3017 644 3098 quidem
659 3017 841 3085 meminerit
855 3018 1086 3086 homericornm
1102 3015 1244 3100 ἄλκιμον
1258 3009 1347 3107 ἦτορ,

221 3113 322 3200 φίλον
345 3099 428 3199 ἦτορ
444 3111 528 3179 etc?
563 3113 659 3198 Apud
682 3114 901 3182 Pindarum
924 3116 1052 3198 quidem
1076 3114 1113 3182 0.
1136 3116 1169 3182 Χ
1185 3120 1226 3183 20
1250 3115 1347 3204 θήρα

219 3209 386 3294 reperitur,
409 3197 516 3295 θάνω,
540 3212 625 3294 quod
641 3219 820 3295 exspectas,
839 3213 957 3299 Lysist.
976 3217 1054 3278 1121
1072 3220 1188 3280 exstat.
1221 3215 1347 3282 Deinde

220 3306 261 3375 de
284 3307 385 3392 κῆλον
407 3307 462 3373 illo
485 3306 617 3374 Pindari
640 3316 725 3389 (sert.
743 3308 869 3399 ccljam)
891 3311 927 3376 P.
944 3310 961 3376 I
979 3314 1027 3391 12,
1051 3309 1241 3398 φόρμιγγος
1264 3313 1346 3400 κῆλα

221 3406 279 3472 καὶ
303 3403 473 3488 δαιμόνων
495 3405 615 3491 θέλγει
637 3411 783 3492 φρένας,
806 3407 876 3489 quis
898 3407 1113 3492 suspicionem
1135 3411 1347 3494 suppresserit

218 3511 347 3591 poetam
370 3509 470 3569 totam
493 3522 605 3569 vocem
629 3523 670 3570 ex
692 3505 784 3588 epioe
806 3505 898 3589 poesi
912 3505 1018 3584 (Hom.
1035 3507 1120 3593 κῆλα
1135 3511 1248 3573 θεοῖο.
1272 3508 1345 3574 Hes.

220 3602 306 3689 κῆλα
327 3598 425 3678 Διός)
453 3601 638 3685 recepisse?
679 3601 801 3688 Μῆδοι
823 3603 962 3686 denique
991 3604 1136 3669 vocalem
1159 3628 1179 3691 η
1204 3610 1237 3670 et
1261 3604 1345 3690 apud

218 3697 312 3764 Pind.
346 3704 378 3766 ct
409 3697 498 3783 apud
531 3699 668 3766 Timocr.
699 3700 846 3783 exhibet3
882 3709 993 3767 contra
1026 3700 1156 3786 cyprico
1192 3702 1345 3770 dialectus

219 3813 330 3862 veram
352 3795 486 3863 formam
508 3795 629 3862 Μᾶόοι
651 3797 700 3863 Id.
724 3801 742 3863 3
765 3798 908 3881 praebet.

305 3892 418 3972 Paullo
452 3893 587 3960 certiora
616 3895 760 3960 Alcaei
793 3903 825 3961 et
857 3895 1046 3980 Sapphus
1078 3895 1260 3978 fragmenta
1291 3916 1342 3962 ex-

218 3987 349 4071 hibent3
378 4009 458 4072 pura
486 3989 572 4056 enim
601 4011 705 4074 neque
734 3993 869 4058 aliarum
898 3993 1105 4061 dialectorum
1133 3993 1245 4062 termis
1266 3998 1341 4060 tem·

1418 2415 1428 2436 ''
