<?xml version="1.0" encoding="UTF-8"?>
<!DOCTYPE html PUBLIC "-//W3C//DTD XHTML 1.0 Transitional//EN"
    "http://www.w3.org/TR/xhtml1/DTD/xhtml1-transitional.dtd">
<html xmlns="http://www.w3.org/1999/xhtml" xml:lang="en" lang="en">
 <head>
  <title>
</title>
<meta http-equiv="Content-Type" content="text/html;charset=utf-8" />
  <meta name='ocr-system' content='tesseract 3.04.00' />
  <meta name='ocr-capabilities' content='ocr_page ocr_carea ocr_par ocr_line ocrx_word'/>
</head>
<body>
  <div class='ocr_page' id='page_1' title='image "./studienzurgriec01vanigoog_0318.png"; bbox 0 0 2968 4866; ppageno 0'>
   <div class='ocr_carea' id='block_1_1' title="bbox 237 375 928 484">
    <p class='ocr_par' dir='ltr' id='par_1_1' title="bbox 237 375 928 484">
     <span class='ocr_line' id='line_1_1' title="bbox 237 375 928 484; baseline -0.013 -1"><span class='ocrx_word' id='word_1_1' title='bbox 237 420 301 484; x_wconf 83' lang='lat'>306</span> <span class='ocrx_word' id='word_1_2' title='bbox 735 419 870 474; x_wconf 74' lang='lat' dir='ltr'><strong>Schrader</strong></span> <span class='ocrx_word' id='word_1_3' title='bbox 925 375 928 380; x_wconf 92' lang='lat'><em>-</em></span> 
     </span>
    </p>
   </div>
   <div class='ocr_carea' id='block_1_2' title="bbox 235 589 1365 1166">
    <p class='ocr_par' dir='ltr' id='par_1_2' title="bbox 235 589 1365 1166">
     <span class='ocr_line' id='line_1_2' title="bbox 239 589 1364 681; baseline -0.005 -19"><span class='ocrx_word' id='word_1_4' title='bbox 239 593 469 681; x_wconf 72' lang='lat' dir='ltr'>proposuerim·</span> <span class='ocrx_word' id='word_1_5' title='bbox 497 589 582 657; x_wconf 90' lang='lat' dir='ltr'>Illud</span> <span class='ocrx_word' id='word_1_6' title='bbox 598 589 693 671; x_wconf 88' lang='lat' dir='ltr'>euim,</span> <span class='ocrx_word' id='word_1_7' title='bbox 717 591 750 656; x_wconf 91' lang='lat' dir='ltr'>ni</span> <span class='ocrx_word' id='word_1_8' title='bbox 772 591 877 673; x_wconf 80' lang='lat' dir='ltr'>fallor,</span> <span class='ocrx_word' id='word_1_9' title='bbox 900 598 956 656; x_wconf 91' lang='lat' dir='ltr'>aut</span> <span class='ocrx_word' id='word_1_10' title='bbox 972 610 1013 656; x_wconf 81' lang='lat' dir='ltr'>ex</span> <span class='ocrx_word' id='word_1_11' title='bbox 1027 590 1181 673; x_wconf 78' lang='lat' dir='ltr'>analogia</span> <span class='ocrx_word' id='word_1_12' title='bbox 1195 591 1364 658; x_wconf 87' lang='lat' dir='ltr'>verborum</span> 
     </span>
     <span class='ocr_line' id='line_1_3' title="bbox 238 686 1365 774; baseline -0.007 -14"><span class='ocrx_word' id='word_1_13' title='bbox 238 694 271 760; x_wconf 79' lang='lat' dir='ltr'>in</span> <span class='ocrx_word' id='word_1_14' title='bbox 294 689 376 757; x_wconf 83' lang='grc' dir='ltr'>-ιάω</span> <span class='ocrx_word' id='word_1_15' title='bbox 400 687 560 766; x_wconf 72' lang='lat' dir='ltr'>concedo),</span> <span class='ocrx_word' id='word_1_16' title='bbox 585 686 798 774; x_wconf 76' lang='grc' dir='ltr'><em>στρατηγιάω</em></span> <span class='ocrx_word' id='word_1_17' title='bbox 814 695 874 754; x_wconf 87' lang='lat' dir='ltr'>etc.</span> <span class='ocrx_word' id='word_1_18' title='bbox 898 687 1036 766; x_wconf 78' lang='lat' dir='ltr'>(Curtius</span> <span class='ocrx_word' id='word_1_19' title='bbox 1058 689 1147 753; x_wconf 88' lang='lat' dir='ltr'>verb.</span> <span class='ocrx_word' id='word_1_20' title='bbox 1171 688 1188 754; x_wconf 95' lang='lat' dir='ltr'>I</span> <span class='ocrx_word' id='word_1_21' title='bbox 1212 691 1286 767; x_wconf 80' lang='lat'><strong>349)</strong></span> <span class='ocrx_word' id='word_1_22' title='bbox 1306 688 1365 754; x_wconf 87' lang='lat' dir='ltr'>ior·</span> 
     </span>
     <span class='ocr_line' id='line_1_4' title="bbox 239 783 1363 873; baseline -0.007 -15"><span class='ocrx_word' id='word_1_23' title='bbox 239 789 318 859; x_wconf 87' lang='lat' dir='ltr'>mari</span> <span class='ocrx_word' id='word_1_24' title='bbox 334 788 437 873; x_wconf 86' lang='lat' dir='ltr'>potuit</span> <span class='ocrx_word' id='word_1_25' title='bbox 452 793 517 863; x_wconf 85' lang='lat' dir='ltr'>aut,</span> <span class='ocrx_word' id='word_1_26' title='bbox 541 805 612 852; x_wconf 91' lang='lat' dir='ltr'>oum</span> <span class='ocrx_word' id='word_1_27' title='bbox 636 783 752 866; x_wconf 78' lang='grc' dir='ltr'><em>ἐλαχία</em></span> <span class='ocrx_word' id='word_1_28' title='bbox 774 787 869 852; x_wconf 83' lang='lat' dir='ltr'>facile</span> <span class='ocrx_word' id='word_1_29' title='bbox 884 785 926 852; x_wconf 91' lang='lat' dir='ltr'>ad</span> <span class='ocrx_word' id='word_1_30' title='bbox 949 783 1095 866; x_wconf 80' lang='grc' dir='ltr'><em>*ἒλαχέα</em></span> <span class='ocrx_word' id='word_1_31' title='bbox 1112 785 1164 858; x_wconf 79' lang='lat' dir='ltr'>tol.</span> <span class='ocrx_word' id='word_1_32' title='bbox 1180 792 1258 851; x_wconf 88' lang='lat' dir='ltr'>oret.</span> <span class='ocrx_word' id='word_1_33' title='bbox 1274 783 1363 864; x_wconf 74' lang='grc' dir='ltr'><strong><em>θιός,</em></strong></span> 
     </span>
     <span class='ocr_line' id='line_1_5' title="bbox 238 882 1365 970; baseline -0.004 -17"><span class='ocrx_word' id='word_1_34' title='bbox 238 887 353 970; x_wconf 67' lang='lat' dir='ltr'>iopen,</span> <span class='ocrx_word' id='word_1_35' title='bbox 378 883 498 961; x_wconf 80' lang='grc' dir='ltr'><strong><em>ἰόντες)</em></strong></span> <span class='ocrx_word' id='word_1_36' title='bbox 520 883 631 950; x_wconf 79' lang='lat' dir='ltr'>reterri</span> <span class='ocrx_word' id='word_1_37' title='bbox 654 885 764 968; x_wconf 78' lang='lat' dir='ltr'>possit,</span> <span class='ocrx_word' id='word_1_38' title='bbox 788 905 823 951; x_wconf 85' lang='lat' dir='ltr'>re</span> <span class='ocrx_word' id='word_1_39' title='bbox 837 903 915 950; x_wconf 88' lang='lat' dir='ltr'>vera</span> <span class='ocrx_word' id='word_1_40' title='bbox 930 884 1047 949; x_wconf 87' lang='lat' dir='ltr'>veteris</span> <span class='ocrx_word' id='word_1_41' title='bbox 1063 889 1084 946; x_wconf 88' lang='grc' dir='ltr'>ᾶ</span> <span class='ocrx_word' id='word_1_42' title='bbox 1098 883 1237 966; x_wconf 83' lang='lat' dir='ltr'>vestigia</span> <span class='ocrx_word' id='word_1_43' title='bbox 1251 882 1365 948; x_wconf 75' lang='lat' dir='ltr'>radicis</span> 
     </span>
     <span class='ocr_line' id='line_1_6' title="bbox 235 982 1364 1070; baseline -0.002 -22"><span class='ocrx_word' id='word_1_44' title='bbox 235 985 295 1070; x_wconf 61' lang='grc' dir='ltr'>μᾶ,</span> <span class='ocrx_word' id='word_1_45' title='bbox 326 1003 460 1067; x_wconf 85' lang='lat' dir='ltr'>quacum</span> <span class='ocrx_word' id='word_1_46' title='bbox 483 982 583 1048; x_wconf 89' lang='lat' dir='ltr'>verba</span> <span class='ocrx_word' id='word_1_47' title='bbox 605 989 768 1048; x_wconf 88' lang='lat' dir='ltr'>eontracta</span> <span class='ocrx_word' id='word_1_48' title='bbox 790 982 967 1066; x_wconf 84' lang='lat' dir='ltr'>composita</span> <span class='ocrx_word' id='word_1_49' title='bbox 990 1000 1062 1047; x_wconf 89' lang='lat' dir='ltr'>csse</span> <span class='ocrx_word' id='word_1_50' title='bbox 1086 1001 1184 1064; x_wconf 87' lang='lat' dir='ltr'>supra</span> <span class='ocrx_word' id='word_1_51' title='bbox 1212 982 1364 1048; x_wconf 89' lang='lat' dir='ltr'>monitum</span> 
     </span>
     <span class='ocr_line' id='line_1_7' title="bbox 239 1079 631 1166; baseline -0.018 -17"><span class='ocrx_word' id='word_1_52' title='bbox 239 1089 296 1165; x_wconf 88' lang='lat' dir='ltr'>est,</span> <span class='ocrx_word' id='word_1_53' title='bbox 319 1079 527 1166; x_wconf 88' lang='lat' dir='ltr'>agnoscenda</span> <span class='ocrx_word' id='word_1_54' title='bbox 549 1085 631 1148; x_wconf 91' lang='lat' dir='ltr'>sunt.</span> 
     </span>
    </p>
   </div>
   <div class='ocr_carea' id='block_1_3' title="bbox 743 1249 849 1327">
    <p class='ocr_par' dir='ltr' id='par_1_3' title="bbox 743 1249 849 1327">
     <span class='ocr_line' id='line_1_8' title="bbox 743 1249 849 1327; baseline -0.019 -13"><span class='ocrx_word' id='word_1_55' title='bbox 743 1249 773 1327; x_wconf 66' lang='grc' dir='ltr'>,ἓ</span> <span class='ocrx_word' id='word_1_56' title='bbox 802 1253 849 1312; x_wconf 85' lang='grc'>15.</span> 
     </span>
    </p>
   </div>
   <div class='ocr_carea' id='block_1_4' title="bbox 236 1381 1364 2539">
    <p class='ocr_par' dir='ltr' id='par_1_4' title="bbox 236 1381 1364 2539">
     <span class='ocr_line' id='line_1_9' title="bbox 325 1381 1364 1467; baseline -0.001 -18"><span class='ocrx_word' id='word_1_57' title='bbox 325 1385 383 1451; x_wconf 89' lang='lat' dir='ltr'>His</span> <span class='ocrx_word' id='word_1_58' title='bbox 415 1381 569 1466; x_wconf 83' lang='lat' dir='ltr'>expositis</span> <span class='ocrx_word' id='word_1_59' title='bbox 601 1382 704 1464; x_wconf 81' lang='lat' dir='ltr'>magis</span> <span class='ocrx_word' id='word_1_60' title='bbox 735 1381 769 1446; x_wconf 91' lang='lat' dir='ltr'>in</span> <span class='ocrx_word' id='word_1_61' title='bbox 802 1383 962 1449; x_wconf 87' lang='lat' dir='ltr'>viscera</span> <span class='ocrx_word' id='word_1_62' title='bbox 990 1381 1159 1447; x_wconf 86' lang='lat' dir='ltr'>verborum</span> <span class='ocrx_word' id='word_1_63' title='bbox 1198 1389 1364 1467; x_wconf 87' lang='lat' dir='ltr'>penetrare</span> 
     </span>
     <span class='ocr_line' id='line_1_10' title="bbox 238 1480 913 1566; baseline -0.006 -18"><span class='ocrx_word' id='word_1_64' title='bbox 238 1483 357 1550; x_wconf 86' lang='lat' dir='ltr'>licebit.</span> <span class='ocrx_word' id='word_1_65' title='bbox 403 1480 603 1564; x_wconf 75' lang='lat' dir='ltr'><strong>Conspicitur</strong></span> <span class='ocrx_word' id='word_1_66' title='bbox 625 1485 731 1546; x_wconf 88' lang='lat' dir='ltr'>autem</span> <span class='ocrx_word' id='word_1_67' title='bbox 755 1480 876 1545; x_wconf 87' lang='lat' dir='ltr'>vocalis</span> <span class='ocrx_word' id='word_1_68' title='bbox 894 1505 913 1566; x_wconf 85' lang='grc' dir='ltr'>η</span> 
     </span>
     <span class='ocr_line' id='line_1_11' title="bbox 343 1576 1363 1662; baseline -0.002 -18"><span class='ocrx_word' id='word_1_69' title='bbox 343 1579 359 1644; x_wconf 95' lang='grc' dir='ltr'>Ι</span> <span class='ocrx_word' id='word_1_70' title='bbox 381 1579 414 1645; x_wconf 90' lang='lat' dir='ltr'>in</span> <span class='ocrx_word' id='word_1_71' title='bbox 437 1577 646 1662; x_wconf 87' lang='lat' dir='ltr'>productione</span> <span class='ocrx_word' id='word_1_72' title='bbox 665 1576 784 1642; x_wconf 87' lang='lat' dir='ltr'>veteris</span> <span class='ocrx_word' id='word_1_73' title='bbox 800 1598 828 1650; x_wconf 89' lang='lat' dir='ltr'>o,</span> <span class='ocrx_word' id='word_1_74' title='bbox 852 1597 916 1659; x_wconf 90' lang='lat' dir='ltr'>qua</span> <span class='ocrx_word' id='word_1_75' title='bbox 937 1577 1228 1644; x_wconf 86' lang='lat' dir='ltr'>coniunctivus</span> <span class='ocrx_word' id='word_1_76' title='bbox 1251 1576 1363 1661; x_wconf 82' lang='lat' dir='ltr'>signifi·</span> 
     </span>
     <span class='ocr_line' id='line_1_12' title="bbox 381 1672 767 1760; baseline -0.01 -18"><span class='ocrx_word' id='word_1_77' title='bbox 381 1682 485 1759; x_wconf 79' lang='lat' dir='ltr'>catur3</span> <span class='ocrx_word' id='word_1_78' title='bbox 508 1674 598 1760; x_wconf 78' lang='grc' dir='ltr'><em>λέγῃ,</em></span> <span class='ocrx_word' id='word_1_79' title='bbox 621 1672 767 1760; x_wconf 77' lang='grc' dir='ltr'><strong><em>λέγηται.</em></strong></span> 
     </span>
     <span class='ocr_line' id='line_1_13' title="bbox 324 1771 1361 1858; baseline -0.003 -18"><span class='ocrx_word' id='word_1_80' title='bbox 324 1775 357 1840; x_wconf 94' lang='lat' dir='ltr'>Il</span> <span class='ocrx_word' id='word_1_81' title='bbox 379 1774 413 1839; x_wconf 92' lang='lat' dir='ltr'>in</span> <span class='ocrx_word' id='word_1_82' title='bbox 429 1773 559 1858; x_wconf 80' lang='lat' dir='ltr'>syllaba</span> <span class='ocrx_word' id='word_1_83' title='bbox 573 1795 624 1857; x_wconf 85' lang='grc' dir='ltr'>-ιη</span> <span class='ocrx_word' id='word_1_84' title='bbox 649 1777 733 1842; x_wconf 84' lang='lat' dir='ltr'>(sort.</span> <span class='ocrx_word' id='word_1_85' title='bbox 750 1771 796 1848; x_wconf 79' lang='lat' dir='ltr'>id)</span> <span class='ocrx_word' id='word_1_86' title='bbox 821 1771 1051 1854; x_wconf 87' lang='lat' dir='ltr'>optativum</span> <span class='ocrx_word' id='word_1_87' title='bbox 1074 1773 1234 1840; x_wconf 79' lang='lat' dir='ltr'>formante</span> <span class='ocrx_word' id='word_1_88' title='bbox 1252 1773 1361 1858; x_wconf 80' lang='grc' dir='ltr'>ἐ’-ιη-ν,</span> 
     </span>
     <span class='ocr_line' id='line_1_14' title="bbox 383 1868 559 1956; baseline -0.011 -20"><span class='ocrx_word' id='word_1_89' title='bbox 383 1868 559 1956; x_wconf 80' lang='grc' dir='ltr'><strong><em>διὸό-ιη-ν.</em></strong></span> 
     </span>
     <span class='ocr_line' id='line_1_15' title="bbox 238 1965 1270 2051; baseline 0 -16"><span class='ocrx_word' id='word_1_90' title='bbox 238 1969 380 2035; x_wconf 88' lang='lat' dir='ltr'>Primum</span> <span class='ocrx_word' id='word_1_91' title='bbox 402 1969 499 2051; x_wconf 80' lang='lat' dir='ltr'>igitur</span> <span class='ocrx_word' id='word_1_92' title='bbox 521 1967 562 2034; x_wconf 91' lang='lat' dir='ltr'>de</span> <span class='ocrx_word' id='word_1_93' title='bbox 583 1965 785 2032; x_wconf 86' lang='lat' dir='ltr'>coniunctivo</span> <span class='ocrx_word' id='word_1_94' title='bbox 808 1985 924 2049; x_wconf 83' lang='lat' dir='ltr'>graeco</span> <span class='ocrx_word' id='word_1_95' title='bbox 947 1966 1173 2050; x_wconf 80' lang='lat' dir='ltr'>exponendum</span> <span class='ocrx_word' id='word_1_96' title='bbox 1197 1969 1270 2035; x_wconf 87' lang='lat' dir='ltr'>erit.</span> 
     </span>
     <span class='ocr_line' id='line_1_16' title="bbox 325 2062 1363 2148; baseline -0.002 -16"><span class='ocrx_word' id='word_1_97' title='bbox 325 2070 430 2148; x_wconf 80' lang='lat' dir='ltr'>Atque</span> <span class='ocrx_word' id='word_1_98' title='bbox 452 2084 524 2132; x_wconf 89' lang='lat' dir='ltr'>oum</span> <span class='ocrx_word' id='word_1_99' title='bbox 541 2063 711 2138; x_wconf 70' lang='lat' dir='ltr'>deformis</span> <span class='ocrx_word' id='word_1_100' title='bbox 733 2063 812 2145; x_wconf 87' lang='lat' dir='ltr'>ipsis</span> <span class='ocrx_word' id='word_1_101' title='bbox 836 2062 973 2128; x_wconf 86' lang='lat' dir='ltr'>dubitari</span> <span class='ocrx_word' id='word_1_102' title='bbox 995 2071 1135 2144; x_wconf 78' lang='lat' dir='ltr'><strong>nequeat</strong></span> <span class='ocrx_word' id='word_1_103' title='bbox 1157 2101 1200 2110; x_wconf 92' lang='lat'><strong>—</strong></span> <span class='ocrx_word' id='word_1_104' title='bbox 1221 2066 1363 2148; x_wconf 82' lang='lat' dir='ltr'>frequen·</span> 
     </span>
     <span class='ocr_line' id='line_1_17' title="bbox 239 2156 1363 2244; baseline -0.003 -15"><span class='ocrx_word' id='word_1_105' title='bbox 239 2156 346 2229; x_wconf 73' lang='lat' dir='ltr'>tantu</span> <span class='ocrx_word' id='word_1_106' title='bbox 376 2163 461 2228; x_wconf 89' lang='lat' dir='ltr'>euim</span> <span class='ocrx_word' id='word_1_107' title='bbox 483 2168 516 2226; x_wconf 90' lang='lat' dir='ltr'>et</span> <span class='ocrx_word' id='word_1_108' title='bbox 537 2163 570 2226; x_wconf 93' lang='lat' dir='ltr'>in</span> <span class='ocrx_word' id='word_1_109' title='bbox 594 2160 694 2226; x_wconf 90' lang='lat' dir='ltr'>titulis</span> <span class='ocrx_word' id='word_1_110' title='bbox 717 2166 749 2226; x_wconf 92' lang='lat' dir='ltr'>et</span> <span class='ocrx_word' id='word_1_111' title='bbox 770 2160 804 2225; x_wconf 92' lang='lat' dir='ltr'>in</span> <span class='ocrx_word' id='word_1_112' title='bbox 826 2159 916 2226; x_wconf 85' lang='lat' dir='ltr'>libris</span> <span class='ocrx_word' id='word_1_113' title='bbox 937 2195 990 2239; x_wconf 85' lang='lat'>—,</span> <span class='ocrx_word' id='word_1_114' title='bbox 1019 2160 1125 2226; x_wconf 87' lang='lat' dir='ltr'>statim</span> <span class='ocrx_word' id='word_1_115' title='bbox 1148 2162 1363 2244; x_wconf 87' lang='lat' dir='ltr'>quaerendum</span> 
     </span>
     <span class='ocr_line' id='line_1_18' title="bbox 240 2251 1363 2344; baseline -0.003 -17"><span class='ocrx_word' id='word_1_116' title='bbox 240 2268 298 2343; x_wconf 86' lang='lat' dir='ltr'>est,</span> <span class='ocrx_word' id='word_1_117' title='bbox 323 2262 376 2343; x_wconf 88' lang='lat' dir='ltr'>qui</span> <span class='ocrx_word' id='word_1_118' title='bbox 399 2260 516 2325; x_wconf 85' lang='lat' dir='ltr'>lactum</span> <span class='ocrx_word' id='word_1_119' title='bbox 532 2257 582 2339; x_wconf 87' lang='lat' dir='ltr'>eit,</span> <span class='ocrx_word' id='word_1_120' title='bbox 606 2251 687 2322; x_wconf 88' lang='lat' dir='ltr'>utin</span> <span class='ocrx_word' id='word_1_121' title='bbox 704 2258 906 2324; x_wconf 87' lang='lat' dir='ltr'>coniunctivo</span> <span class='ocrx_word' id='word_1_122' title='bbox 928 2258 1169 2341; x_wconf 83' lang='lat' dir='ltr'>priscavocalie</span> <span class='ocrx_word' id='word_1_123' title='bbox 1192 2262 1214 2322; x_wconf 83' lang='grc' dir='ltr'><strong><em>ᾶ</em></strong></span> <span class='ocrx_word' id='word_1_124' title='bbox 1235 2261 1269 2324; x_wconf 92' lang='lat' dir='ltr'>in</span> <span class='ocrx_word' id='word_1_125' title='bbox 1290 2259 1363 2344; x_wconf 91' lang='lat' dir='ltr'>ipsis</span> 
     </span>
     <span class='ocr_line' id='line_1_19' title="bbox 240 2353 1363 2441; baseline -0.002 -17"><span class='ocrx_word' id='word_1_126' title='bbox 240 2355 466 2425; x_wconf 87' lang='lat' dir='ltr'>aeolo-doricis</span> <span class='ocrx_word' id='word_1_127' title='bbox 488 2353 635 2420; x_wconf 79' lang='lat' dir='ltr'>dialectis</span> <span class='ocrx_word' id='word_1_128' title='bbox 657 2353 698 2419; x_wconf 90' lang='lat' dir='ltr'>ad</span> <span class='ocrx_word' id='word_1_129' title='bbox 722 2379 741 2441; x_wconf 85' lang='grc' dir='ltr'><em>η</em></span> <span class='ocrx_word' id='word_1_130' title='bbox 766 2355 985 2438; x_wconf 83' lang='lat' dir='ltr'>delaberetur3</span> <span class='ocrx_word' id='word_1_131' title='bbox 1007 2375 1083 2422; x_wconf 88' lang='lat' dir='ltr'>nam</span> <span class='ocrx_word' id='word_1_132' title='bbox 1100 2356 1239 2422; x_wconf 77' lang='lat' dir='ltr'>durensi</span> <span class='ocrx_word' id='word_1_133' title='bbox 1262 2357 1363 2423; x_wconf 81' lang='lat' dir='ltr'>verbis</span> 
     </span>
     <span class='ocr_line' id='line_1_20' title="bbox 236 2446 1364 2539; baseline -0.001 -19"><span class='ocrx_word' id='word_1_134' title='bbox 236 2446 350 2521; x_wconf 68' lang='lat'><strong>&#39;11145</strong></span> <span class='ocrx_word' id='word_1_135' title='bbox 375 2477 381 2519; x_wconf 92' lang='lat'><strong>:</strong></span> <span class='ocrx_word' id='word_1_136' title='bbox 404 2503 417 2532; x_wconf 87' lang='lat'>„</span> <span class='ocrx_word' id='word_1_137' title='bbox 425 2447 571 2539; x_wconf 75' lang='grc' dir='ltr'><em>βλάπτῃ,</em></span> <span class='ocrx_word' id='word_1_138' title='bbox 594 2456 736 2539; x_wconf 76' lang='grc' dir='ltr'><em>γίνηται,</em></span> <span class='ocrx_word' id='word_1_139' title='bbox 759 2453 813 2518; x_wconf 90' lang='lat' dir='ltr'>ubi</span> <span class='ocrx_word' id='word_1_140' title='bbox 836 2477 855 2539; x_wconf 85' lang='grc' dir='ltr'><em>η</em></span> <span class='ocrx_word' id='word_1_141' title='bbox 880 2472 919 2519; x_wconf 83' lang='lat' dir='ltr'>ex</span> <span class='ocrx_word' id='word_1_142' title='bbox 936 2477 952 2519; x_wconf 85' lang='grc' dir='ltr'><em>ε</em></span> <span class='ocrx_word' id='word_1_143' title='bbox 968 2459 1079 2518; x_wconf 91' lang='lat' dir='ltr'>natum</span> <span class='ocrx_word' id='word_1_144' title='bbox 1095 2452 1265 2519; x_wconf 75' lang='lat' dir='ltr'>indicativi</span> <span class='ocrx_word' id='word_1_145' title='bbox 1287 2474 1364 2522; x_wconf 76' lang='lat' dir='ltr'>oon</span> 
     </span>
    </p>
   </div>
   <div class='ocr_carea' id='block_1_5' title="bbox 137 2549 1464 2834">
    <p class='ocr_par' dir='ltr' id='par_1_5' title="bbox 137 2549 1464 2834">
     <span class='ocr_line' id='line_1_21' title="bbox 238 2549 1464 2638; baseline -0.002 -19"><span class='ocrx_word' id='word_1_146' title='bbox 238 2552 364 2637; x_wconf 82' lang='lat' dir='ltr'>paratio</span> <span class='ocrx_word' id='word_1_147' title='bbox 386 2551 524 2635; x_wconf 88' lang='lat' dir='ltr'>prodit“,</span> <span class='ocrx_word' id='word_1_148' title='bbox 548 2568 614 2616; x_wconf 86' lang='lat' dir='ltr'>rem</span> <span class='ocrx_word' id='word_1_149' title='bbox 630 2549 733 2634; x_wconf 85' lang='lat' dir='ltr'>ipsam</span> <span class='ocrx_word' id='word_1_150' title='bbox 748 2551 837 2616; x_wconf 91' lang='lat' dir='ltr'>nullo</span> <span class='ocrx_word' id='word_1_151' title='bbox 853 2549 948 2615; x_wconf 88' lang='lat' dir='ltr'>modo</span> <span class='ocrx_word' id='word_1_152' title='bbox 964 2551 1133 2635; x_wconf 81' lang='lat' dir='ltr'>explanari</span> <span class='ocrx_word' id='word_1_153' title='bbox 1148 2551 1204 2616; x_wconf 86' lang='lat' dir='ltr'>vix</span> <span class='ocrx_word' id='word_1_154' title='bbox 1220 2550 1364 2635; x_wconf 85' lang='lat' dir='ltr'>estquod</span> <span class='ocrx_word' id='word_1_155' title='bbox 1463 2575 1464 2638; x_wconf 76' lang='lat' dir='ltr'>j</span> 
     </span>
     <span class='ocr_line' id='line_1_22' title="bbox 240 2639 1464 2733; baseline -0.002 -17"><span class='ocrx_word' id='word_1_156' title='bbox 240 2669 405 2733; x_wconf 69' lang='lat' dir='ltr'>moneam</span> <span class='ocrx_word' id='word_1_157' title='bbox 429 2649 499 2733; x_wconf 88' lang='lat' dir='ltr'>pari</span> <span class='ocrx_word' id='word_1_158' title='bbox 522 2649 607 2714; x_wconf 89' lang='lat' dir='ltr'>enim</span> <span class='ocrx_word' id='word_1_159' title='bbox 630 2649 699 2713; x_wconf 88' lang='lat' dir='ltr'>iure</span> <span class='ocrx_word' id='word_1_160' title='bbox 721 2648 838 2731; x_wconf 87' lang='lat' dir='ltr'>aliquis</span> <span class='ocrx_word' id='word_1_161' title='bbox 852 2647 969 2714; x_wconf 80' lang='lat' dir='ltr'>dixerit</span> <span class='ocrx_word' id='word_1_162' title='bbox 990 2648 1025 2712; x_wconf 92' lang='lat' dir='ltr'>in</span> <span class='ocrx_word' id='word_1_163' title='bbox 1046 2649 1148 2714; x_wconf 92' lang='lat' dir='ltr'>latino</span> <span class='ocrx_word' id='word_1_164' title='bbox 1171 2650 1257 2732; x_wconf 74' lang='lat' dir='ltr'>lepot</span> <span class='ocrx_word' id='word_1_165' title='bbox 1272 2674 1279 2716; x_wconf 91' lang='lat'><strong>:</strong></span> <span class='ocrx_word' id='word_1_166' title='bbox 1296 2651 1364 2733; x_wconf 79' lang='lat' dir='ltr'>lepit</span> <span class='ocrx_word' id='word_1_167' title='bbox 1463 2639 1464 2656; x_wconf 53' lang='lat'>¹</span> 
     </span>
     <span class='ocr_line' id='line_1_23' title="bbox 137 2744 781 2834; baseline -0.005 -21"><span class='ocrx_word' id='word_1_168' title='bbox 137 2823 141 2834; x_wconf 49' lang='grc'>,</span> <span class='ocrx_word' id='word_1_169' title='bbox 239 2748 385 2813; x_wconf 89' lang='lat' dir='ltr'>vocalem</span> <span class='ocrx_word' id='word_1_170' title='bbox 408 2769 426 2810; x_wconf 89' lang='lat' dir='ltr'>o</span> <span class='ocrx_word' id='word_1_171' title='bbox 449 2766 489 2812; x_wconf 82' lang='lat' dir='ltr'>ex</span> <span class='ocrx_word' id='word_1_172' title='bbox 512 2767 529 2808; x_wconf 87' lang='lat' dir='ltr'>e</span> <span class='ocrx_word' id='word_1_173' title='bbox 552 2747 591 2825; x_wconf 85' lang='lat' dir='ltr'>(i)</span> <span class='ocrx_word' id='word_1_174' title='bbox 614 2744 781 2829; x_wconf 85' lang='lat' dir='ltr'>prodiisse.</span> 
     </span>
    </p>
   </div>
   <div class='ocr_carea' id='block_1_6' title="bbox 218 2841 1362 4096">
    <p class='ocr_par' dir='ltr' id='par_1_6' title="bbox 218 2841 1362 4096">
     <span class='ocr_line' id='line_1_24' title="bbox 325 2841 1091 2910; baseline -0.004 -1"><span class='ocrx_word' id='word_1_175' title='bbox 325 2845 389 2910; x_wconf 85' lang='lat' dir='ltr'>Res</span> <span class='ocrx_word' id='word_1_176' title='bbox 411 2863 487 2910; x_wconf 85' lang='lat' dir='ltr'>vero</span> <span class='ocrx_word' id='word_1_177' title='bbox 510 2843 581 2910; x_wconf 87' lang='lat' dir='ltr'>sine</span> <span class='ocrx_word' id='word_1_178' title='bbox 603 2843 671 2907; x_wconf 90' lang='lat' dir='ltr'>ulla</span> <span class='ocrx_word' id='word_1_179' title='bbox 694 2842 894 2908; x_wconf 88' lang='lat' dir='ltr'>dubitatione</span> <span class='ocrx_word' id='word_1_180' title='bbox 916 2842 996 2908; x_wconf 89' lang='lat' dir='ltr'>haec</span> <span class='ocrx_word' id='word_1_181' title='bbox 1017 2841 1091 2906; x_wconf 83' lang='lat' dir='ltr'>tuit:</span> 
     </span>
     <span class='ocr_line' id='line_1_25' title="bbox 258 2939 1361 3024; baseline 0.001 -19"><span class='ocrx_word' id='word_1_182' title='bbox 258 3003 262 3012; x_wconf 86' lang='grc'><strong>,</strong></span> <span class='ocrx_word' id='word_1_183' title='bbox 323 2941 497 3022; x_wconf 87' lang='lat' dir='ltr'>Postquam</span> <span class='ocrx_word' id='word_1_184' title='bbox 520 2941 654 3024; x_wconf 88' lang='lat' dir='ltr'>antiqua</span> <span class='ocrx_word' id='word_1_185' title='bbox 674 2941 734 3005; x_wconf 87' lang='lat' dir='ltr'>illa</span> <span class='ocrx_word' id='word_1_186' title='bbox 754 2939 919 3005; x_wconf 84' lang='lat' dir='ltr'>indicativi</span> <span class='ocrx_word' id='word_1_187' title='bbox 940 2947 972 3007; x_wconf 88' lang='lat' dir='ltr'>et</span> <span class='ocrx_word' id='word_1_188' title='bbox 993 2939 1185 3005; x_wconf 88' lang='lat' dir='ltr'>coniunctivi</span> <span class='ocrx_word' id='word_1_189' title='bbox 1208 2942 1361 3008; x_wconf 84' lang='lat' dir='ltr'>vocalium</span> 
     </span>
     <span class='ocr_line' id='line_1_26' title="bbox 240 3036 1361 3122; baseline -0.001 -18"><span class='ocrx_word' id='word_1_190' title='bbox 240 3036 412 3104; x_wconf 88' lang='lat' dir='ltr'>eoncordia</span> <span class='ocrx_word' id='word_1_191' title='bbox 439 3037 473 3102; x_wconf 91' lang='lat' dir='ltr'>in</span> <span class='ocrx_word' id='word_1_192' title='bbox 501 3039 623 3104; x_wconf 86' lang='lat' dir='ltr'>vocalis</span> <span class='ocrx_word' id='word_1_193' title='bbox 652 3037 845 3104; x_wconf 90' lang='lat' dir='ltr'>thematicae</span> <span class='ocrx_word' id='word_1_194' title='bbox 872 3037 1082 3120; x_wconf 88' lang='lat' dir='ltr'>productione</span> <span class='ocrx_word' id='word_1_195' title='bbox 1111 3037 1217 3122; x_wconf 85' lang='lat' dir='ltr'>posita</span> <span class='ocrx_word' id='word_1_196' title='bbox 1247 3039 1361 3121; x_wconf 83' lang='lat' dir='ltr'>(indog.</span> 
     </span>
     <span class='ocr_line' id='line_1_27' title="bbox 240 3133 1362 3219; baseline 0 -21"><span class='ocrx_word' id='word_1_197' title='bbox 240 3134 366 3198; x_wconf 75' lang='lat' dir='ltr'>thurati</span> <span class='ocrx_word' id='word_1_198' title='bbox 380 3157 388 3199; x_wconf 76' lang='grc' dir='ltr'><strong><em>ι</em></strong></span> <span class='ocrx_word' id='word_1_199' title='bbox 404 3133 541 3208; x_wconf 74' lang='lat' dir='ltr'>thurati,</span> <span class='ocrx_word' id='word_1_200' title='bbox 565 3133 747 3198; x_wconf 70' lang='lat' dir='ltr'>thancmari</span> <span class='ocrx_word' id='word_1_201' title='bbox 760 3157 768 3200; x_wconf 75' lang='grc' dir='ltr'><strong><em>ε</em></strong></span> <span class='ocrx_word' id='word_1_202' title='bbox 783 3135 978 3209; x_wconf 76' lang='lat' dir='ltr'>bhordmoai)</span> <span class='ocrx_word' id='word_1_203' title='bbox 1001 3135 1121 3219; x_wconf 92' lang='lat' dir='ltr'>duplici</span> <span class='ocrx_word' id='word_1_204' title='bbox 1143 3136 1202 3200; x_wconf 87' lang='lat' dir='ltr'>illa</span> <span class='ocrx_word' id='word_1_205' title='bbox 1222 3136 1329 3203; x_wconf 84' lang='lat' dir='ltr'>brevis</span> <span class='ocrx_word' id='word_1_206' title='bbox 1344 3157 1362 3198; x_wconf 88' lang='lat' dir='ltr'>o</span> 
     </span>
     <span class='ocr_line' id='line_1_28' title="bbox 239 3231 1360 3314; baseline 0.001 -17"><span class='ocrx_word' id='word_1_207' title='bbox 239 3231 360 3298; x_wconf 79' lang='lat' dir='ltr'>uocalis</span> <span class='ocrx_word' id='word_1_208' title='bbox 382 3231 415 3297; x_wconf 92' lang='lat' dir='ltr'>in</span> <span class='ocrx_word' id='word_1_209' title='bbox 437 3252 455 3293; x_wconf 81' lang='lat' dir='ltr'>e</span> <span class='ocrx_word' id='word_1_210' title='bbox 477 3237 509 3297; x_wconf 88' lang='lat' dir='ltr'>et</span> <span class='ocrx_word' id='word_1_211' title='bbox 536 3251 554 3293; x_wconf 91' lang='lat' dir='ltr'>o</span> <span class='ocrx_word' id='word_1_212' title='bbox 581 3232 755 3299; x_wconf 87' lang='lat' dir='ltr'>mutatione</span> <span class='ocrx_word' id='word_1_213' title='bbox 784 3233 911 3300; x_wconf 81' lang='lat' dir='ltr'>sublata</span> <span class='ocrx_word' id='word_1_214' title='bbox 933 3240 997 3314; x_wconf 86' lang='lat' dir='ltr'>est,</span> <span class='ocrx_word' id='word_1_215' title='bbox 1031 3233 1178 3299; x_wconf 81' lang='lat' dir='ltr'>effectum</span> <span class='ocrx_word' id='word_1_216' title='bbox 1202 3241 1252 3299; x_wconf 89' lang='lat' dir='ltr'>est</span> <span class='ocrx_word' id='word_1_217' title='bbox 1279 3241 1360 3300; x_wconf 89' lang='lat' dir='ltr'>nota·</span> 
     </span>
     <span class='ocr_line' id='line_1_29' title="bbox 239 3329 1360 3412; baseline -0.001 -17"><span class='ocrx_word' id='word_1_218' title='bbox 239 3329 295 3395; x_wconf 91' lang='lat' dir='ltr'>bili</span> <span class='ocrx_word' id='word_1_219' title='bbox 317 3329 375 3394; x_wconf 93' lang='lat' dir='ltr'>illo</span> <span class='ocrx_word' id='word_1_220' title='bbox 403 3348 541 3412; x_wconf 84' lang='lat' dir='ltr'>graecae</span> <span class='ocrx_word' id='word_1_221' title='bbox 563 3329 694 3411; x_wconf 81' lang='lat' dir='ltr'>linguae</span> <span class='ocrx_word' id='word_1_222' title='bbox 722 3330 828 3396; x_wconf 86' lang='lat' dir='ltr'>studio</span> <span class='ocrx_word' id='word_1_223' title='bbox 849 3329 1074 3396; x_wconf 89' lang='lat' dir='ltr'>concinnitatis</span> <span class='ocrx_word' id='word_1_224' title='bbox 1096 3330 1262 3396; x_wconf 88' lang='lat' dir='ltr'>cuiusdam</span> <span class='ocrx_word' id='word_1_225' title='bbox 1285 3331 1360 3396; x_wconf 88' lang='lat' dir='ltr'>inter</span> 
     </span>
     <span class='ocr_line' id='line_1_30' title="bbox 218 3426 1359 3511; baseline -0.002 -18"><span class='ocrx_word' id='word_1_226' title='bbox 218 3451 221 3456; x_wconf 45' lang='lat'><em>¹</em></span> <span class='ocrx_word' id='word_1_227' title='bbox 239 3426 383 3494; x_wconf 89' lang='lat' dir='ltr'>eiusdem</span> <span class='ocrx_word' id='word_1_228' title='bbox 405 3427 534 3510; x_wconf 83' lang='lat' dir='ltr'>generis</span> <span class='ocrx_word' id='word_1_229' title='bbox 557 3426 676 3493; x_wconf 84' lang='lat' dir='ltr'>formas</span> <span class='ocrx_word' id='word_1_230' title='bbox 697 3427 931 3511; x_wconf 79' lang='lat' dir='ltr'>procreandae,</span> <span class='ocrx_word' id='word_1_231' title='bbox 960 3436 1002 3494; x_wconf 93' lang='lat' dir='ltr'>ut</span> <span class='ocrx_word' id='word_1_232' title='bbox 1023 3433 1141 3494; x_wconf 87' lang='lat' dir='ltr'>votus</span> <span class='ocrx_word' id='word_1_233' title='bbox 1164 3436 1186 3503; x_wconf 75' lang='grc' dir='ltr'>ᾶ,</span> <span class='ocrx_word' id='word_1_234' title='bbox 1207 3428 1359 3494; x_wconf 88' lang='lat' dir='ltr'>indica·</span> 
     </span>
     <span class='ocr_line' id='line_1_31' title="bbox 238 3522 1356 3612; baseline -0.003 -23"><span class='ocrx_word' id='word_1_235' title='bbox 238 3523 313 3590; x_wconf 86' lang='lat' dir='ltr'>tivi</span> <span class='ocrx_word' id='word_1_236' title='bbox 347 3525 575 3609; x_wconf 86' lang='lat' dir='ltr'>exemplum</span> <span class='ocrx_word' id='word_1_237' title='bbox 605 3533 784 3592; x_wconf 89' lang='lat' dir='ltr'>secutum</span> <span class='ocrx_word' id='word_1_238' title='bbox 811 3523 859 3590; x_wconf 89' lang='lat' dir='ltr'>ad</span> <span class='ocrx_word' id='word_1_239' title='bbox 887 3549 906 3612; x_wconf 84' lang='grc' dir='ltr'><em>η</em></span> <span class='ocrx_word' id='word_1_240' title='bbox 936 3532 976 3591; x_wconf 90' lang='lat' dir='ltr'>et</span> <span class='ocrx_word' id='word_1_241' title='bbox 1006 3549 1033 3588; x_wconf 89' lang='grc' dir='ltr'>ω</span> <span class='ocrx_word' id='word_1_242' title='bbox 1063 3523 1289 3592; x_wconf 88' lang='lat' dir='ltr'>accederet.</span> <span class='ocrx_word' id='word_1_243' title='bbox 1323 3522 1356 3588; x_wconf 86' lang='lat' dir='ltr'>cf.</span> 
     </span>
     <span class='ocr_line' id='line_1_32' title="bbox 239 3620 1356 3708; baseline -0.006 -20"><span class='ocrx_word' id='word_1_244' title='bbox 239 3621 365 3688; x_wconf 80' lang='lat' dir='ltr'>Curtius</span> <span class='ocrx_word' id='word_1_245' title='bbox 392 3622 481 3688; x_wconf 82' lang='lat' dir='ltr'>verb.</span> <span class='ocrx_word' id='word_1_246' title='bbox 504 3622 554 3701; x_wconf 88' lang='lat'>11,</span> <span class='ocrx_word' id='word_1_247' title='bbox 578 3627 628 3688; x_wconf 82' lang='lat'>65.</span> <span class='ocrx_word' id='word_1_248' title='bbox 672 3621 762 3688; x_wconf 86' lang='lat' dir='ltr'>Idem</span> <span class='ocrx_word' id='word_1_249' title='bbox 794 3620 891 3705; x_wconf 86' lang='lat' dir='ltr'>igitur</span> <span class='ocrx_word' id='word_1_250' title='bbox 919 3623 1036 3688; x_wconf 86' lang='lat' dir='ltr'>lactum</span> <span class='ocrx_word' id='word_1_251' title='bbox 1066 3623 1175 3688; x_wconf 88' lang='lat' dir='ltr'>est-in</span> <span class='ocrx_word' id='word_1_252' title='bbox 1203 3621 1356 3708; x_wconf 76' lang='grc' dir='ltr'>λέγηταιε</span> 
     </span>
     <span class='ocr_line' id='line_1_33' title="bbox 237 3708 1357 3806; baseline -0.001 -23"><span class='ocrx_word' id='word_1_253' title='bbox 237 3717 389 3803; x_wconf 62' lang='lat' dir='ltr'>*tepora</span> <span class='ocrx_word' id='word_1_254' title='bbox 417 3725 514 3801; x_wconf 88' lang='lat' dir='ltr'>atque</span> <span class='ocrx_word' id='word_1_255' title='bbox 535 3721 569 3783; x_wconf 91' lang='lat' dir='ltr'>in</span> <span class='ocrx_word' id='word_1_256' title='bbox 592 3708 632 3804; x_wconf 81' lang='grc' dir='ltr'>ἦς</span> <span class='ocrx_word' id='word_1_257' title='bbox 648 3741 656 3783; x_wconf 75' lang='lat' dir='ltr'>e</span> <span class='ocrx_word' id='word_1_258' title='bbox 672 3717 761 3795; x_wconf 72' lang='grc' dir='ltr'><strong><em>ἐστί,</em></strong></span> <span class='ocrx_word' id='word_1_259' title='bbox 785 3717 914 3805; x_wconf 78' lang='grc' dir='ltr'><em>ποιμήν</em></span> <span class='ocrx_word' id='word_1_260' title='bbox 932 3742 939 3784; x_wconf 92' lang='lat'><strong>:</strong></span> <span class='ocrx_word' id='word_1_261' title='bbox 955 3721 1131 3801; x_wconf 75' lang='grc' dir='ltr'><strong><em>ποιμένος,</em></strong></span> <span class='ocrx_word' id='word_1_262' title='bbox 1152 3723 1278 3806; x_wconf 69' lang='grc' dir='ltr'><strong><em>τίθημι</em></strong></span> <span class='ocrx_word' id='word_1_263' title='bbox 1293 3743 1300 3784; x_wconf 88' lang='lat'>:</span> <span class='ocrx_word' id='word_1_264' title='bbox 1313 3721 1357 3782; x_wconf 77' lang='grc' dir='ltr'>τί·</span> 
     </span>
     <span class='ocr_line' id='line_1_34' title="bbox 238 3815 1354 3896; baseline -0.004 -17"><span class='ocrx_word' id='word_1_265' title='bbox 238 3820 360 3896; x_wconf 64' lang='lat' dir='ltr'>depae,</span> <span class='ocrx_word' id='word_1_266' title='bbox 391 3823 463 3882; x_wconf 84' lang='lat' dir='ltr'>sort</span> <span class='ocrx_word' id='word_1_267' title='bbox 487 3815 636 3881; x_wconf 72' lang='lat' dir='ltr'>thoreti:</span> <span class='ocrx_word' id='word_1_268' title='bbox 653 3815 793 3888; x_wconf 75' lang='lat' dir='ltr'>booron,</span> <span class='ocrx_word' id='word_1_269' title='bbox 823 3816 858 3878; x_wconf 81' lang='lat' dir='ltr'>do</span> <span class='ocrx_word' id='word_1_270' title='bbox 874 3839 882 3882; x_wconf 74' lang='grc' dir='ltr'><strong><em>ε</em></strong></span> <span class='ocrx_word' id='word_1_271' title='bbox 898 3818 987 3888; x_wconf 67' lang='lat' dir='ltr'>nari,</span> <span class='ocrx_word' id='word_1_272' title='bbox 1018 3815 1152 3880; x_wconf 78' lang='lat' dir='ltr'>oc&#39;dltndn</span> <span class='ocrx_word' id='word_1_273' title='bbox 1173 3841 1180 3881; x_wconf 92' lang='lat'><strong>:</strong></span> <span class='ocrx_word' id='word_1_274' title='bbox 1204 3816 1354 3885; x_wconf 76' lang='lat' dir='ltr'>villarino,</span> 
     </span>
     <span class='ocr_line' id='line_1_35' title="bbox 238 3911 955 3985; baseline 0.018 -13"><span class='ocrx_word' id='word_1_275' title='bbox 238 3911 407 3977; x_wconf 80' lang='lat' dir='ltr'>dddhdmi:</span> <span class='ocrx_word' id='word_1_276' title='bbox 423 3911 583 3977; x_wconf 79' lang='lat' dir='ltr'>olodhmdc.</span> <span class='ocrx_word' id='word_1_277' title='bbox 953 3979 955 3985; x_wconf 27' lang='lat' dir='ltr'><strong><em>s</em></strong></span> 
     </span>
     <span class='ocr_line' id='line_1_36' title="bbox 321 4002 1355 4096; baseline 0.003 -23"><span class='ocrx_word' id='word_1_278' title='bbox 321 4007 450 4084; x_wconf 87' lang='lat' dir='ltr'>Scilicet</span> <span class='ocrx_word' id='word_1_279' title='bbox 470 4009 532 4075; x_wconf 88' lang='lat' dir='ltr'>hac</span> <span class='ocrx_word' id='word_1_280' title='bbox 554 4029 679 4092; x_wconf 83' lang='lat' dir='ltr'>quoquo</span> <span class='ocrx_word' id='word_1_281' title='bbox 697 4011 730 4077; x_wconf 92' lang='lat' dir='ltr'>in</span> <span class='ocrx_word' id='word_1_282' title='bbox 753 4031 789 4078; x_wconf 87' lang='lat' dir='ltr'>re</span> <span class='ocrx_word' id='word_1_283' title='bbox 810 4002 926 4076; x_wconf 88' lang='lat' dir='ltr'>summi</span> <span class='ocrx_word' id='word_1_284' title='bbox 948 4019 1035 4080; x_wconf 85' lang='lat' dir='ltr'>essct</span> <span class='ocrx_word' id='word_1_285' title='bbox 1056 4012 1220 4096; x_wconf 83' lang='lat' dir='ltr'>momenti,</span> <span class='ocrx_word' id='word_1_286' title='bbox 1243 4012 1269 4080; x_wconf 93' lang='lat' dir='ltr'>si</span> <span class='ocrx_word' id='word_1_287' title='bbox 1290 4029 1355 4077; x_wconf 89' lang='lat' dir='ltr'>oon·</span> 
     </span>
    </p>
   </div>
   <div class='ocr_carea' id='block_1_7' title="bbox 0 0 1488 4866">
    <p class='ocr_par' dir='ltr' id='par_1_7' title="bbox 0 0 1488 4866">
     <span class='ocr_line' id='line_1_37' title="bbox 0 0 1488 4866; baseline 0 0"><span class='ocrx_word' id='word_1_288' title='bbox 0 0 1488 4866; x_wconf 95' lang='lat' dir='ltr'> </span> 
     </span>
    </p>
   </div>
  </div>
 </body>
</html>
