2916 4872
478 432 599 488 Schedae
615 431 813 500 grammaticas.
1171 425 1210 486 79

101 609 166 675 bulo
187 605 335 672 Plautino
358 599 509 689 depincre
531 611 715 688 comparato
738 603 805 670 iota
827 602 1020 688 transposito
1040 622 1081 670 ex
1102 601 1212 669 *derr-

101 729 178 772 ινα-ν
200 705 252 771 vel
273 701 479 768 *can-non
501 702 619 768 factum
642 702 820 786 putandum
843 709 902 785 est,
929 709 961 770 et
983 695 1095 785 εἶδαρ,
1127 698 1212 783 quod

101 824 136 869 ex
148 800 319 885 *ἐδ-ιαρτ
335 799 453 884 prodiit
476 800 542 880 (cfr.
560 795 674 886 ὄνειαρ
691 820 731 868 ex
746 793 950 885 *ὀνε-ι-αρτ,
975 799 1075 866 Curtii
1089 800 1213 884 Etyma

174 998 345 1063 Praeterea
358 995 392 1061 in
407 995 520 1079 lingua
534 1015 651 1080 graeca
662 994 705 1062 ad
720 994 857 1062 candem
870 994 1009 1062 radicem
1026 989 1074 1060 ἅκ
1089 990 1213 1071 asotos

101 1100 153 1173 (est
172 1095 206 1160 in
220 1093 281 1160 Od.
305 1118 324 1177 ρ
344 1095 406 1156 222
430 1090 565 1172 αἰτίζων
588 1089 742 1169 ductore)
766 1099 798 1160 et
819 1088 942 1169 α’κυλος
964 1092 1071 1159 Ourtio
1093 1094 1212 1177 (Etym.

99 1215 126 1277 p.
141 1196 198 1260 668
220 1200 252 1258 et
276 1193 349 1268 187)
372 1191 534 1274 pertinere
556 1190 715 1258 ridentur.
746 1191 975 1275 Acceduntque
998 1211 1039 1260 ex
1060 1189 1214 1275 Hesychii

99 1289 192 1356 lexico
214 1289 394 1372 complures
416 1288 554 1370 formae,
584 1308 666 1372 quae
694 1289 801 1356 adbuc
828 1289 910 1356 mira
932 1309 1003 1358 esse
1024 1287 1214 1355 formatione

99 1389 179 1454 visae
199 1393 283 1467 sunt,
308 1405 388 1469 quas
402 1393 511 1452 tamen
533 1391 649 1453 natura
670 1387 754 1454 inter
772 1406 843 1455 sese
865 1393 1018 1471 cognatas
1034 1405 1105 1454 esse
1119 1384 1215 1451 facile

99 1490 195 1570 potest
215 1483 372 1567 intellegi.
417 1482 522 1550 Hasce
544 1485 677 1570 collegi:

174 1575 303 1648 αἶκλον·
327 1580 466 1648 δεῖπνον

127 1741 130 1750 .
174 1677 211 1760 ἐξ
232 1677 350 1746 ε’ίκλω·
374 1675 443 1744 ἀπὸ
469 1676 608 1744 δείπνου

175 1775 294 1843 εἰκλεῖ·
330 1774 465 1842 δειπνεῖ
493 1773 625 1854 (elutior
648 1798 655 1840 :
680 1770 790 1842 αἶκλον
812 1806 855 1831 =
878 1776 1023 1844 ὄειπνέω
1041 1774 1217 1856 tristarer)

174 1872 263 1940 'lava'
288 1884 434 1960 epompio

176 1969 320 2038 ἰκνείαν’
342 1975 506 2057 τροφείαν

99 2149 102 2156 Α
176 2067 316 2144 ἰκνεῖας·
339 2065 487 2154 τροφεύς
506 2063 639 2134 Ῥόδιοι.

175 2167 284 2233 Verba
307 2160 451 2244 alx-tor,
481 2160 619 2244 εἶκ-λον,
653 2163 778 2231 int-veie
806 2166 961 2249 paulatim
986 2166 1098 2233 codem
1122 2166 1216 2233 medo

100 2268 395 2344 commutaturum,
426 2283 488 2346 quo
517 2263 675 2347 particula
698 2260 744 2341 εἰ,
776 2284 859 2347 quae
887 2264 1061 2347 antiquitus
1085 2261 1121 2329 αἰ
1149 2265 1217 2347 fuit,

64 2421 65 2424 ,
101 2361 167 2427 dein
188 2361 392 2446 diphthongo
407 2357 444 2424 αἰ
460 2361 493 2426 in
518 2359 549 2427 εἰ
570 2367 745 2444 attenuato,
769 2367 931 2445 postremo
954 2382 994 2429 ex
1018 2362 1217 2446 diphthongo

101 2455 127 2522 εἰ
146 2459 409 2542 monophthcngo
426 2456 438 2522 ἰ
453 2459 536 2525 facto
555 2461 625 2525 solo
647 2460 708 2526 hoc
724 2455 736 2522 ἰ
750 2459 880 2543 saepius
902 2461 934 2525 in
957 2460 1218 2544 inscriptionibus

101 2554 249 2640 delphinis
271 2556 518 2638 recentioribus,
549 2564 583 2623 ut
607 2560 657 2640 58,
684 2560 721 2622 16
745 2562 777 2622 et
799 2559 840 2621 20
870 2560 934 2640 (ap.
957 2557 1162 2624 Wcschcrnm
1187 2564 1219 2624 ct

100 2653 312 2720 Fcucartium:
329 2653 539 2736 inscriptions
553 2654 823 2737 reobDelphcs),
841 2660 889 2719 est
904 2673 1066 2738 expresse.
1089 2654 1219 2730 (Confer

101 2748 253 2832 ἱμασαίαν
276 2771 336 2836 pro
360 2748 522 2834 αἱμασίαν
544 2751 577 2818 in
601 2753 695 2820 inser.
712 2751 824 2835 argiva
844 2753 996 2835 157aap.
1013 2752 1219 2832 rouc.,‚vide

99 2848 197 2930 inira.)
229 2849 468 2928 Quaerentibus
489 2856 607 2932 autem,
630 2849 719 2916 cuius
742 2849 806 2916 sint
828 2848 958 2915 dialecti
981 2849 1058 2915 illae
1080 2850 1218 2933 glossae,

100 2946 332 3030 respiciendum
351 2955 416 3029 est,
445 2947 641 3032 Hesychium
670 2955 702 3014 et
723 2949 756 3014 in
776 2948 885 3032 glossa
908 2944 1049 3024 ἱκνεῖος·
1071 2946 1219 3034 τροφεύς
1314 3003 1322 3018 .

101 3045 242 3112 ethniccn
261 3039 386 3111 Ῥόδιοι
407 3044 597 3130 apposuisse
620 3052 651 3112 et
673 3046 706 3110 in
728 3047 838 3130 glossa
860 3043 897 3125 ἒξ
919 3041 1036 3109 sinim·
1059 3041 1129 3110 ἀπὸ
1150 3045 1221 3113 del·

100 3165 178 3208 aroc
200 3143 390 3226 genetivum
414 3142 523 3210 dorica
545 3143 669 3210 ratione
692 3144 860 3208 formatum
884 3141 1065 3209 tradidisse.
1107 3144 1220 3226 Itaque

100 3240 247 3322 plurimas
261 3239 391 3305 illarum
406 3238 588 3322 formarum,
611 3259 653 3307 ne
668 3240 812 3307 dieamus
827 3259 948 3322 omnes,
971 3259 1042 3307 esse
1058 3240 1221 3310 doricas

101 3339 241 3405 concludi
263 3342 386 3422 potest,
417 3337 468 3404 cui
497 3339 677 3405 sententiae
701 3337 900 3405 firmamento
930 3344 979 3403 cst
1000 3339 1220 3407 Alcmanicum

100 3433 173 3502 illud
195 3431 323 3512 αἶκλον,
348 3434 434 3518 quod
449 3435 705 3518 antiquissimam
721 3435 911 3520 diphthongi
931 3434 1064 3502 formam
1080 3436 1221 3503 retinuit.

180 3532 214 3599 G.
259 3531 391 3599 Radicis
414 3531 479 3597 dur
500 3533 656 3600 nonnulla
679 3534 872 3600 notabiliora
894 3533 1052 3599 voeabula
1073 3532 1222 3601 derivata
1297 3577 1299 3582 -

102 3627 277 3716 Hesychius
298 3629 406 3696 tradit.
450 3631 533 3698 Sunt
554 3632 651 3698 haec:

182 3732 213 3807 1)
250 3725 429 3810 δάμνια·
458 3726 612 3811 θύματα,
641 3726 770 3815 σφάγια
793 3748 834 3796 ex
855 3725 1021 3792 *dds-vta
1043 3733 1145 3793 ortum
1168 3746 1223 3794 ex·

101 3823 179 3904 plico
201 3832 234 3893 et
256 3845 328 3892 eum
351 3845 389 3892 eo
414 3824 537 3909 σεμνός
559 3847 617 3909 pro
639 3824 821 3910 *nadad-g
843 3826 909 3904 (cfr.
933 3844 1050 3892 nomen
1065 3824 1221 3910 Σεβ-ρός,

102 3939 149 4003 ap.
165 3923 241 3989 Hes.
258 3926 457 4006 σέβ-ερο-ς),
483 3919 659 4009 epar-adp
680 3943 739 4012 pre
760 3921 960 4008 *dead-rog
983 3922 1081 4001 (Curi.
1098 3924 1223 4009 Etym.⁴

101 4038 129 4100 p.
151 4023 223 4098 473)
245 4039 405 4104 comparo.
805 4039 808 4045 ·
