2968 4866
402 434 578 504 Quaestiones
596 434 817 504 disiectologicas
833 449 954 504 0000000.
1181 432 1242 494 313

114 613 227 692 perata
261 605 448 674 Lesbiorum
483 607 635 692 dialecto,
671 609 705 675 ni
733 615 818 676 errat
847 607 1024 676 Ahrerrsius
1053 608 1242 686 (Verbandl.

114 730 144 793 p.
157 709 222 789 63),
246 724 356 773 eorum
372 706 515 772 carmina
530 705 711 789 conscripta
728 711 812 775 sunt.
846 707 1047 791 Quamquam
1069 728 1111 776 ne
1133 729 1242 776 comm

115 803 245 889 quidem
278 803 387 870 omnia
415 803 476 872 hac
503 804 538 870 10
565 823 602 872 re
630 805 780 889 exempla
809 806 992 890 suspicione
1021 825 1131 874 carere
1164 807 1243 873 mihi

113 902 274 970 videntur.
308 899 404 968 Velut
426 906 558 988 στῆθος
579 903 710 987 saepius
731 904 765 970 10
787 903 915 970 illorum
937 902 1028 970 libris
1050 903 1167 988 legitur
1189 905 1241 980 (01.

113 1002 236 1087 Sapph.
254 1005 283 1084 2,
301 1003 352 1081 28,
369 1003 419 1066 82.
443 999 513 1066 Alc.
526 1003 576 1081 36,
594 1004 645 1083 42,
661 1005 713 1067 97.
735 1002 774 1068 01.
791 999 884 1067 Pind.
900 1000 921 1066 f.
938 1004 1011 1082 203,
1027 1004 1069 1080 2).
1106 1003 1241 1084 Tamen,

113 1119 185 1167 cum
211 1098 285 1166 0100
313 1097 411 1165 dubio
437 1097 506 1165 iure
534 1100 665 1184 στῆθος
693 1096 736 1164 ad
764 1096 905 1164 radicem
936 1120 999 1164 στα
1024 1099 1241 1166 reducendum
1281 1179 1284 1184 ¹

113 1199 155 1264 sit
178 1196 217 1263 ci.
237 1195 375 1277 Curtius,
399 1199 512 1280 etyml
536 1199 608 1276 211,
632 1195 754 1263 vocalis
769 1220 789 1282 q
806 1215 878 1262 cum
901 1215 938 1263 eo
961 1185 1242 1264 vehementissime

113 1301 246 1380 pugnat,
270 1291 356 1378 quod
372 1292 501 1360 dialecti
517 1292 753 1362 aeolo-doricae
768 1316 790 1357 α
805 1293 922 1362 radicis
940 1317 1002 1360 στα
1025 1315 1149 1362 summa
1170 1313 1242 1362 cum

112 1392 296 1460 constantia
318 1390 519 1470 0000001101.
543 1388 668 1471 στάσω,
692 1389 806 1471 ordia,
829 1389 1051 1474 intercipere).

85 1502 93 1514 ⁶
198 1490 339 1574 Egregia
362 1490 500 1572 denique
515 1489 647 1557 Doridis
669 1488 853 1556 testimonia
868 1489 1103 1575 Epicharmi
1126 1498 1242 1576 poetae

113 1597 146 1657 et
176 1586 404 1673 Sophronis
432 1587 645 1671 mimographi
675 1586 830 1670 reliquiae
857 1594 947 1673 sunt3
976 1595 1124 1656 accurate
1153 1590 1241 1656 enim

110 1687 161 1752 illi
176 1687 450 1772 Syracusanorum
474 1683 645 1751 dialectum
661 1691 886 1768 expresserunt
907 1705 1011 1770 neque
1025 1706 1133 1753 eorum
1157 1686 1239 1770 libri,

111 1786 141 1852 01
163 1785 266 1852 solam
290 1782 462 1850 dialectum
485 1789 621 1867 spectas,
645 1781 848 1848 libr-ariomm
869 1784 965 1867 culpa
981 1784 1079 1852 valde
1101 1784 1240 1869 corrupti

110 1888 196 1949 0001.
236 1882 275 1948 01.
299 1882 427 1946 Ahrens
453 1880 561 1946 1122.
606 1879 807 1962 Quamquam
835 1880 869 1944 in
899 1881 1081 1949 nominibus
1109 1880 1175 1948 illis
1205 1887 1241 1947 ut

111 1976 286 2067 ἀλφησταί
301 1979 414 2063 Epich.
430 1981 482 2045 28.
505 1977 619 2062 Sophr.
637 1980 686 2040 22.
721 1975 904 2062 κηκίβαλος
919 1979 1031 2063 Epich.
1048 1982 1099 2045 23.
1130 1984 1239 2066 σηπία

110 2076 301 2161 20101033.
334 2079 384 2142 63.
422 2073 678 2161 0030011ρί00.
708 2079 765 2157 23,
793 2074 866 2158 0010
894 2082 944 2143 001
972 2079 1025 2160 001
1056 2079 1133 2145 certi
1162 2077 1239 2176 qpid

110 2175 254 2259 prolerre
277 2173 388 2258 possit,
412 2172 499 2239 unde
520 2175 665 2239 vocalem
688 2197 714 2271 q
731 2172 938 2258 acceperint?
1031 2201 1035 2208 ·

197 2272 236 2337 lu
265 2271 323 2337 tali
351 2290 455 2338 rerum
485 2277 570 2336 01010
598 2271 660 2336 hoc
687 2277 816 2354 praeter
838 2278 966 2340 caetera
987 2272 1080 2340 nobis
1102 2280 1238 2357 constat,

111 2370 139 2436 01
155 2368 279 2436 vocalis
302 2373 324 2434 ἃ
346 2369 379 2436 10
396 2393 415 2456 η
432 2367 619 2436 mutationis
641 2368 674 2434 in
696 2370 859 2437 radicibus
881 2371 1109 2437 vocabulorum
1124 2372 1240 2440 obviae

110 2474 215 2534 certas
229 2467 359 2551 regulas
374 2474 407 2533 et
427 2485 556 2533 normas
578 2485 771 2548 cognoscere
793 2467 897 2550 liceat,
921 2487 977 2535 eas
998 2471 1040 2535 ab
1062 2470 1240 2554 inscriptio·

109 2587 197 2646 num,
220 2555 286 2631 non
309 2564 461 2630 librorum
484 2563 545 2630 hac
567 2562 600 2628 10
622 2584 658 2631 ro
680 2564 863 2648 cognitione
885 2583 957 2632 0000
978 2568 1145 2650 petendas.

197 2662 304 2743 Quare
325 2662 462 2746 primum
485 2682 526 2728 ex
548 2662 650 2728 titulis
672 2662 863 2748 vocabulaq
882 2661 1069 2730 exhibentia
1090 2672 1239 2734 accurate

110 2760 298 2844 collegimus
321 2767 418 2842 atquc
440 2765 474 2824 ut
495 2765 643 2842 apertum
666 2758 730 2840 liat,
754 2767 906 2842 quantum
929 2759 1029 2826 bisin
1046 2761 1142 2829 rebus
1164 2762 1238 2828 libri

109 2879 181 2924 cum
204 2858 307 2948 titulis
329 2858 449 2925 iaciant
469 2865 525 2924 aut
546 2857 728 2941 discrepent
749 2857 791 2923 ab
812 2857 863 2940 110,
888 2857 1057 2940 001001000
1080 2859 1236 2926 vocabulo

109 2956 262 3022 librorum
277 2956 375 3038 10000,
399 2956 513 3039 quibus
534 2957 668 3039 legatur,
691 2953 884 3022 addidimus.
916 2956 1082 3024 Bucolicos
1098 2957 1238 3025 Pseudo·

110 3054 391 3140 pythagoreosque
420 3061 452 3120 01
480 3054 668 3138 scriptorum
690 3052 879 3120 artificiosas
901 3053 1108 3122 dialectorum
1135 3055 1238 3122 imita·

108 3154 214 3220 tiones
230 3171 302 3219 raro
318 3153 508 3232 curavimus,
532 3169 573 3218 ex
595 3151 732 3235 propriis
754 3151 938 3219 nominibus
953 3172 992 3220 ea
1013 3159 1136 3219 tantumn
1152 3173 1238 3222 rece·
1332 3148 1335 3154 ’

108 3251 224 3335 pimus,
248 3269 381 3333 quorum
404 3258 459 3316 aut
474 3269 550 3316 usus
568 3249 843 3331 frequentissimus
858 3256 913 3316 aut
928 3251 1017 3334 origo
1040 3259 1127 3318 certa
1142 3258 1236 3318 esset.

629 3471 648 3550 0
674 3473 721 3536 rs.

195 3605 285 3671 Haec
317 3611 423 3672 autem
460 3605 619 3671 vocabula
650 3606 683 3670 10
719 3603 979 3687 inscriptionibus
1012 3603 1235 3672 aeolo-doricis

106 3703 254 3770 vocalem
277 3727 297 3790 η
321 3702 490 3769 exhibente

166 3832 226 3908 ’1)
263 3827 348 3920 ἀνήρ
371 3834 411 3900 01.
434 3837 455 3916 ἓ
478 3837 496 3898 7
520 3855 552 3918 p.
575 3837 647 3900 290.

194 3933 226 4007 2)
263 3926 414 4018 ἄσχημον
436 3943 531 3998 10000.
554 3931 630 3998 and.
654 3936 683 3996 4.
726 3925 940 4016 εὐσχημόνως
967 3949 1061 3996 mess·
1083 3928 1159 3997 and.
1183 3936 1235 3998 43.

261 4028 300 4094 01.
323 4028 612 4117 0000010χο00ιῦ.
636 4029 661 4094 Ι.
684 4049 731 4112 gr.
755 4031 848 4093 5491.
