2986 4864
238 402 301 464 390
764 401 840 469 auge

240 577 334 655 cedit,
357 583 393 640 ut
407 575 511 640 altera
526 575 628 638 forma
644 593 684 639 ex
699 575 802 639 altera
817 579 929 640 exorta
944 573 994 653 sit,
1017 572 1076 640 sed
1090 569 1223 656 filiabus
1238 579 1294 636 aut
1314 591 1371 656 per

239 673 422 755 analogiam
444 671 560 738 tertiae
582 690 665 753 quae
687 670 802 736 dieitur
817 669 1041 736 deelinationis
1063 669 1235 734 formatum
1258 675 1371 752 putan-

241 768 387 850 domest
416 775 488 849 aut,
517 767 604 850 quod
632 768 712 834 mihi
741 768 870 851 quidem
898 767 1103 834 verisimilius
1131 765 1260 832 videtur
1291 787 1368 851 esse,

239 865 345 933 suffixi
368 867 423 929 buo
446 865 591 949 (bbjomo)
619 885 681 949 ope
703 865 816 932 eodem
838 864 933 931 modo
956 872 1052 948 atque
1074 863 1252 931 ceterarum
1277 863 1370 930 ‹leoli-

239 965 407 1029 nationum
429 963 563 1030 ablativi
586 981 757 1047 proousum
781 968 840 1030 est.

327 1061 457 1126 Miranti
482 1057 556 1144 tibi,
580 1061 657 1144 quid
680 1061 722 1127 sit
743 1059 828 1144 quod
850 1060 918 1127 illio
939 1079 1033 1126 oasus
1054 1060 1183 1140 looalis,
1206 1058 1260 1124 hio
1283 1060 1370 1126 abla-

240 1158 326 1223 tivus
354 1158 571 1242 superaverit,
601 1159 661 1224 boo
689 1158 725 1224 in
753 1164 892 1224 mentem
921 1176 1054 1223 revooa:
1091 1156 1199 1240 priore
1226 1164 1369 1241 tempore

240 1254 343 1321 exitus
365 1255 460 1320 lutnri
488 1254 582 1320 latini
611 1253 675 1332 (bo)
697 1256 731 1320 in
760 1256 909 1321 omnibus
936 1254 1217 1336 ooniugationibus
1238 1255 1371 1322 adbibe-

240 1353 334 1426 batur
355 1351 405 1427 (ol.
428 1351 510 1417 Eun.
535 1352 652 1418 Plaut:
683 1351 796 1416 audibo
818 1371 848 1417 a.
871 1355 924 1433 a),
954 1358 1067 1434 postea
1089 1370 1165 1417 vero
1188 1359 1317 1419 tantum
1338 1354 1370 1418 in

240 1449 287 1515 eis
310 1449 601 1531 ooniugationibus,
631 1468 714 1532 quae
736 1448 840 1532 prima
859 1456 956 1532 atoue
977 1450 1081 1514 altera
1101 1456 1270 1530 vooantur,
1300 1470 1369 1518 oum

239 1546 383 1628 reliquae
412 1546 652 1629 coniugationes
682 1547 801 1613 exitum
837 1546 1031 1613 ooniunotivi
1060 1545 1113 1612 vel
1141 1547 1281 1628 optativi
1309 1548 1370 1614 sibi

240 1649 413 1711 sumerent.

524 1797 553 1858 2.
597 1794 819 1860 Ablativus
850 1795 1084 1878 singularis.

326 1929 428 1995 Huius
450 1948 543 1995 oasus
565 1930 670 1996 exitus
692 1929 963 1996 substantivorum
987 1917 1024 1994 in
1046 1930 1159 2013 lingua
1181 1932 1368 1998 sanseritiea

239 2029 274 2092 in
297 2049 316 2090 u
339 2028 522 2094 exeuntium
552 2029 587 2089 bt
606 2029 718 2110 (opobt)
748 2034 813 2108 est,
843 2047 936 2111 quem
958 2027 1095 2094 fortasse
1116 2035 1203 2093 reete
1225 2029 1369 2094 Maximi-

239 2124 346 2191 lianus
367 2123 541 2190 Muellerus
564 2124 697 2206 (Essays
718 2124 772 2189 IV.
796 2143 870 2208 pag.
894 2128 970 2202 415)
999 2144 1041 2190 ex
1062 2123 1106 2188 dd
1125 2125 1249 2208 (opobd)
1271 2133 1368 2192 muta·

240 2229 306 2287 tum
329 2240 401 2286 esse
421 2219 591 2302 iudioavit3
622 2220 830 2302 quaelorma
851 2222 1042 2289 oonsonanti
1060 2222 1084 2284 d
1103 2223 1279 2289 terminata
1300 2245 1368 2290 oum

240 2319 274 2384 in
297 2317 409 2399 lingua
430 2316 605 2398 slavonios,
629 2319 825 2402 sansoritioa,
848 2339 966 2403 graeea
987 2319 1055 2399 (ubi
1077 2319 1146 2386 eius
1167 2329 1295 2403 partem
1317 2323 1369 2388 ad·
1479 2363 1480 2401 ,

240 2414 352 2480 verbis
366 2414 400 2479 in
412 2437 458 2490 ως
471 2414 623 2481 exeuntia
636 2423 859 2512 susoffirerunt)
874 2417 938 2483 nisi
951 2418 986 2481 in
1000 2417 1188 2483 maseulinis
1202 2425 1236 2484 et
1251 2422 1369 2486 neutris

239 2511 386 2594 stirpium
402 2512 436 2576 in
451 2532 471 2573 o
486 2517 518 2576 et
534 2513 775 2594 pronominibus
790 2534 856 2580 non
870 2521 985 2595 exstet,
1000 2513 1195 2580 Leskienius
1217 2517 1294 2592 (Die
1309 2519 1370 2584 De

240 2608 394 2674 olination
417 2607 460 2672 im
483 2608 695 2676 Slavisehlit.
717 2610 783 2676 und
799 2611 1053 2678 Germaniseben
1079 2615 1172 2686 1876)
1196 2611 1248 2680 his
1271 2615 1370 2682 tribus

240 2705 336 2771 modo
359 2705 524 2773 ordinibus
547 2707 632 2772 huno
653 2726 762 2774 oasum
780 2708 890 2775 deberi
906 2708 996 2791 dixit,
1019 2709 1186 2776 nonnullis
1204 2716 1318 2778 autern
1338 2713 1371 2777 in

239 2804 312 2868 aliis
335 2802 454 2885 linguis
476 2822 517 2869 ex
539 2804 692 2887 analogia
714 2805 757 2871 ad
779 2812 902 2872 oeteras
918 2806 1151 2873 deelinationes
1172 2827 1247 2874 esse
1267 2815 1372 2876 trans·

239 2900 351 2965 latum.
381 2900 420 2964 ln
435 2919 510 2966 osea
526 2901 655 2983 quidem
677 2903 788 2985 lingua
802 2903 883 2968 illud
899 2903 1061 2985 dsemper
1075 2903 1250 2986 invenitur,
1274 2907 1370 2973 etiarn

241 2996 281 3062 iis
304 2995 399 3076 loois,
423 2996 478 3060 ubi
500 2997 661 3066 ablativus
683 3019 775 3066 oasus
797 3000 1050 3066 instrumentalis
1072 3019 1205 3066 munere
1227 3001 1372 3086 fungitur

241 3090 351 3169 (uoltu
363 3090 472 3155 molid
480 3127 523 3140 -
534 3093 607 3156 dolo
618 3096 710 3168 molo,
727 3096 814 3159 euboli
829 3098 968 3161 ubuood
976 3132 1019 3143 —
1029 3118 1068 3160 eu
1076 3099 1210 3179 pecunia
1222 3100 1315 3165 XVI.
1326 3104 1371 3183 3l;

239 3189 274 3254 in
296 3190 398 3254 latina
418 3195 530 3255 oonba
550 3191 615 3256 iam
636 3192 678 3258 ab
700 3195 939 3278 antiquissimis,
962 3213 1046 3278 quae
1066 3195 1161 3261 nobis
1182 3201 1265 3262 nota
1287 3204 1371 3280 sunt,

241 3285 457 3369 temporibus,
487 3287 569 3353 illud
598 3287 621 3349 d
649 3311 714 3355 non
751 3299 936 3358 constanter
964 3292 1121 3374 scribitur,
1159 3300 1195 3358 ut
1228 3294 1371 3362 disoerni
1476 3285 1477 3317 ¹

241 3390 390 3466 nequeat,
413 3385 667 3452 instrumentalis
689 3406 782 3454 easus
804 3396 909 3454 utrum
925 3408 1053 3472 semper
1073 3390 1217 3456 litteram
1237 3391 1261 3453 d
1283 3413 1371 3460 aooe-

240 3483 323 3564 perit
345 3500 457 3548 neone.
1475 3547 1476 3580 ,

328 3578 407 3642 Miro
430 3578 568 3660 quodam
591 3581 687 3648 modo
710 3582 870 3664 Bergkius
893 3583 1055 3665 (Beitr'age
1075 3603 1102 3646 a.
1124 3584 1237 3650 latein.
1259 3587 1372 3654 Gram-
1475 3585 1476 3623 ³

240 3675 354 3760 matik,
377 3675 475 3742 Halle
501 3680 580 3742 1870
602 3679 627 3742 Ι.
650 3698 725 3762 pag.
748 3684 801 3756 21)
824 3681 885 3746 bae
907 3680 949 3747 de
970 3700 1006 3747 re
1027 3680 1192 3763 disseruit,
1216 3685 1369 3766 quoniam

241 3771 365 3834 aliunde
382 3780 420 3838 et
441 3774 628 3839 Beooootod
648 3776 762 3842 eedem
785 3777 847 3841 loci
868 3778 993 3844 ratione
1014 3785 1188 3860 uterentur,
1217 3780 1368 3846 suffixum

241 3869 376 3933 ablativi
405 3869 443 3932 de
471 3871 584 3955 luisse,
615 3873 666 3939 oui
693 3891 843 3956 grasoum
866 3878 911 3940 θε
934 3875 1160 3959 responderet;
1184 3896 1250 3958 qua
1278 3879 1313 3944 in
1334 3898 1368 3944 re

175 4034 180 4044 1
241 3967 359 4028 morari
375 3974 462 4032 eerte
484 3988 563 4052 opus
578 3989 643 4036 non
658 3977 717 4052 est,
741 3971 891 4054 quoniam
908 3973 1047 4039 dubitari
1063 3994 1128 4038 non
1150 3981 1267 4058 potest,
1291 3977 1366 4058 quin
