2968 4866
343 455 346 466 ι
448 429 489 483 De
507 428 646 484 Alcmenis
663 415 902 499 poetae‘dielecto.
1161 427 1238 490 ,333
1282 497 1284 504 ,

113 622 192 667 mus.
235 599 302 667 Sed
326 609 361 665 ut
381 601 474 668 nobis
496 602 675 684 contigerit,
699 608 734 666 ut
756 603 859 668 fontes
882 607 1005 667 nostros
1028 602 1060 664 in
1085 621 1154 666 eam
1177 602 1240 668 lor-

112 719 198 763 mam
220 697 456 780 redigeremus,
486 718 582 781 quam
604 705 677 783 post
698 698 987 764 Alexandrinorum
1017 700 1235 768 recensionem

113 797 289 877 habebant,
312 797 397 862 aliae
420 797 637 862 dubitationes
658 797 811 895 oriuntur.
849 797 933 862 Nam
955 816 1146 879 quamquam
1169 798 1239 864 illo·

112 915 182 959 rum
205 894 383 959 moderatio
406 913 607 978 summopere
627 901 676 959 cst
698 893 862 960 laudanda
884 901 916 960 et
937 901 1005 960 tota
1026 897 1119 976 ratio,
1142 917 1237 978 quam

111 994 145 1058 in
168 991 375 1060 restituendis
398 993 524 1076 scriptis
546 991 686 1056 inierunt
714 992 825 1074 optimi
855 992 1009 1076 cujusque
1032 1000 1063 1058 et
1085 995 1238 1076 antiquis·

112 1092 185 1156 simi
207 1090 416 1172 manuscripti
445 1090 665 1155 auctoritatem
694 1088 811 1169 secuti,
842 1097 949 1156 tamen
979 1091 1053 1157 licet
1081 1091 1238 1174 suspicari
1272 1095 1275 1102 '
1314 1109 1319 1118 ·

111 1207 167 1254 eos
191 1187 323 1252 melicos
345 1195 457 1272 poetas
473 1208 538 1252 non
554 1206 656 1269 acque
678 1187 814 1253 feliciter
836 1187 878 1253 ad
902 1188 1070 1272 pristinum
1093 1189 1237 1255 habitum

110 1303 282 1350 revocasse
297 1291 394 1368 atque
408 1285 540 1350 Atticos.
573 1284 771 1350 Testimonio
787 1292 860 1350 sunt
876 1285 1032 1353 Corinnae
1048 1287 1238 1370 fragmenta,
1341 1311 1344 1316 ¹

111 1401 197 1467 qnae
218 1381 374 1447 idiomata
397 1383 526 1448 dialecti
548 1382 649 1447 multo
680 1381 881 1464 recentioris,
913 1405 1009 1466 quam
1032 1373 1121 1467 quae'
1136 1386 1238 1468 ipsius

109 1479 256 1564 poetriae
285 1487 392 1546 aetate
421 1479 621 1560 audiebatur,
650 1478 806 1561 praebere
835 1501 930 1546 nemo
953 1483 1063 1548 nescit.
1108 1483 1239 1549 Praeter

110 1585 236 1643 ceteras
258 1595 334 1641 vero
356 1597 416 1655 res,
441 1578 556 1658 quibus
577 1577 739 1641 immutari
762 1580 865 1660 potuit
886 1586 1052 1645 contextus
1068 1581 1236 1647 verborum

110 1695 169 1758 per
185 1694 225 1740 ea
239 1676 379 1754 saecula,
403 1696 485 1758 quaa
501 1675 586 1741 inter
607 1681 719 1757 poetas
736 1681 766 1739 et
783 1675 1009 1756 grammaticos
1023 1676 1236 1757 intercedunt,

109 1772 334 1857 respiciendae
349 1779 424 1836 sunt
439 1773 643 1838 condiciones
665 1771 839 1853 literarum,
864 1771 978 1852 quibus
997 1762 1130 1838 onerata
1146 1782 1238 1840 erant

109 1870 264 1934 carmina.
292 1869 374 1933 Nam
391 1870 475 1952 quod
492 1890 532 1935 ex
547 1868 807 1951 inscriptionibus
823 1868 991 1934 evidenter
1006 1868 1113 1935 docuit
1125 1871 1238 1938 Kircb-

110 1966 224 2045 hoff³l,
255 1985 407 2048 magnam
430 1969 618 2032 varietatem
647 1965 808 2031 scribendi
830 1973 907 2030 ante
928 1964 1025 2032 finem
1048 1968 1125 2044 belli
1146 1969 1238 2035 Pelo·

109 2063 299 2146 ponnesiaci
328 2084 386 2148 per
408 2065 576 2131 Graeciam
605 2063 718 2143 luisse,
750 2083 821 2128 oum
852 2068 885 2128 et
912 2063 1087 2146 antiquitus
1117 2065 1238 2151 duplici

108 2162 274 2252 literarum
292 2161 490 2244 quarundam
507 2161 615 2227 osuin
631 2160 711 2226 duas
731 2169 839 2244 partes
855 2159 1078 2228 discessissent
1093 2163 1237 2232 Graecae

109 2259 258 2324 civitates
280 2266 312 2324 et
334 2267 448 2342 postea
470 2258 645 2325 secundum
668 2260 799 2340 linguae
821 2259 1023 2339 mutationes,
1048 2281 1131 2345 qnae
1152 2264 1237 2330 aliae

110 2363 204 2423 erant
226 2357 300 2421 aliis
314 2357 403 2438 locis,
427 2357 582 2440 quasdam
598 2356 639 2421 de
662 2357 798 2440 pristina
812 2357 844 2420 vi
860 2357 1039 2439 paullulum
1062 2357 1237 2442 flecterent,

108 2454 144 2518 id
167 2474 234 2519 non
257 2474 384 2536 prorsus
407 2453 644 2536 neglegendum
667 2473 738 2519 esse
761 2453 886 2519 videtur
909 2455 955 2534 ei,
979 2457 1034 2537 qui
1056 2459 1164 2522 omnia
1186 2479 1237 2524 ac·

109 2551 251 2617 curatius
266 2552 452 2618 examinare
472 2553 550 2616 vult.
581 2550 646 2616 Sed
668 2559 775 2634 potest
789 2551 938 2632 dubitari,
961 2573 1037 2616 num
1053 2555 1123 2636 ejus
1138 2555 1236 2639 urbis,

109 2650 144 2714 in
173 2667 239 2731 qua
267 2650 402 2732 quisque
435 2649 634 2729 versabatur,
668 2647 828 2713 scribendi
858 2649 1014 2713 rationem
1043 2652 1142 2716 secuti
1172 2654 1237 2718 sint

108 2755 243 2830 poetae,
272 2748 460 2830 praesertim
489 2767 559 2812 cum
586 2750 727 2826 constet,
757 2746 874 2811 multos
896 2754 1015 2825 certum
1039 2747 1235 2815 domicilium

108 2864 176 2909 non
200 2844 367 2926 babuisse3
390 2863 450 2909 nec
468 2864 589 2927 negare
610 2851 712 2928 potes,
734 2843 824 2908 illam
840 2842 1059 2910 diversitatem
1075 2847 1236 2913 scribendi

109 2947 202 3006 tanto
225 2940 336 3024 epicae'
359 2948 390 3007 et
411 2942 532 3024 lyricae
554 2941 661 3025 poesis
682 2939 752 3006 flori
774 2940 896 3024 talique
910 2948 945 3006 ut
965 2942 1010 3007 ita
1025 2942 1130 3008 dicam
1153 2963 1237 3010 com·

110 3038 241 3118 mencio,
264 3040 360 3120 quale
381 3039 465 3104 inter
488 3039 594 3105 varias
610 3039 726 3122 stirpes
742 3040 783 3104 ab
801 3038 1020 3124 olympiadum
1043 3040 1134 3106 initio
1157 3048 1237 3129 erat,

110 3156 227 3220 param
249 3141 360 3220 aptum
382 3137 500 3202 luisses
522 3137 579 3201 His
602 3136 643 3202 de
664 3139 769 3203 causis
791 3137 880 3202 baud
903 3138 968 3202 scio
991 3158 1032 3203 an
1056 3159 1133 3206 vere
1150 3140 1236 3224 judi·

109 3239 171 3314 cet,
195 3235 250 3317 qui
267 3234 363 3316 juxta
386 3235 573 3300 varietatem
596 3235 767 3315 scribendi,
790 3242 942 3317 quaeest
963 3237 997 3299 in
1020 3237 1129 3315 titulis,
1153 3258 1237 3303 com·

109 3350 240 3396 munem
262 3331 423 3413 quendam
438 3352 530 3395 usum
545 3332 578 3396 in
594 3331 713 3396 chartis
728 3332 908 3397 constitisse
923 3332 1019 3414 dicat,
1043 3353 1235 3417 quamquam

108 3433 200 3494 certa
222 3427 337 3493 desunt
359 3435 566 3511 ar·gumenta;
588 3449 663 3493 nam
679 3429 823 3511 quintum
839 3429 980 3493 seculum
997 3450 1061 3493 non
1084 3438 1237 3514 superant

108 3524 249 3606 vestigia
271 3524 430 3606 quaedam
452 3525 485 3589 in
511 3526 771 3609 inscriptionibus
793 3525 906 3591 Atticis
929 3525 1063 3591 Euclide
1084 3529 1236 3593 vetustio-

108 3622 199 3686 ribus
222 3621 383 3700 extantia,
412 3641 496 3707 quae
522 3623 613 3688 illam
642 3641 708 3688 rem
731 3623 890 3688 evincunt.
935 3623 1104 3706 Utcunque
1126 3633 1178 3690 res
1200 3645 1235 3692 se

110 3719 225 3801 habet,
251 3720 425 3786 nonnullas
446 3727 532 3787 certe
554 3721 746 3786 mutationes
768 3739 922 3804 perpessa
944 3728 1018 3787 sunt
1039 3722 1155 3786 omnia.
1168 3741 1236 3788 oar·

94 3817 200 3882 mina
234 3816 431 3900 antiquiora,
462 3837 534 3883 cum
564 3817 617 3884 vel
645 3817 680 3882 in
709 3818 820 3882 Ionica
852 3817 1016 3884 literatura
1050 3817 1236 3888 discrimina

89 4005 92 4011 '
181 4029 202 4094 ο)
221 4025 334 4081 sturae
350 4042 400 4108 zur
418 4026 644 4082 aconensem
661 4026 762 4096 grisco.
779 4025 953 4096 arpennem.
988 4026 1081 4082 naun
1092 4033 1175 4108 rem
