2986 4864
224 409 285 470 360
737 399 828 474 'Spiess

223 580 383 663 vindicat,
415 578 472 646 sed
500 599 565 644 non
588 583 680 644 tanta
710 584 759 643 est
787 577 985 660 grammatici
1014 578 1202 658 auctoritas,
1234 582 1355 659 quauta

226 680 309 746 alius
337 678 532 760 argumenti3
562 696 638 742 nam
666 675 832 758 analogia,
869 695 963 758 quam
992 676 1083 758 sequi
1116 676 1291 756 debemus,
1328 675 1354 740 si
1408 681 1411 687 '

227 777 376 860 exempla
398 775 523 855 desunt,
545 774 709 856 probatur,
733 772 814 838 haec
829 771 991 856 adjectiva
1005 772 1039 837 in
1055 773 1219 839 revenere
1235 771 1355 840 Doride

226 877 260 942 in
289 896 386 959 -ηνος
415 872 540 938 exiisse.
590 871 740 935 Attamen
769 869 981 936 labefactatur
1009 877 1119 936 nostra
1152 870 1354 935 ratiocinatio

226 972 297 1037 loco
319 969 458 1053 quodam
482 967 662 1034 Pausaniae
687 967 735 1032 ΙΙΙ
761 971 809 1032 18.
829 971 857 1047 6,
881 967 935 1032 ubi
958 987 1055 1032 uuam
1079 987 1098 1033 e
1119 968 1222 1032 tribus
1237 965 1356 1032 Gratiis

228 1067 459 1135 aLaeonibus.
473 1067 566 1132 cultis
591 1069 742 1132 Φαένναν
766 1064 844 1130 dicit
865 1064 897 1141 (i.
919 1084 946 1128 e.
972 1069 1149 1138 Φαέσναν).
1327 1139 1330 1144 ,

313 1165 411 1231 Aliud
432 1163 615 1246 geminatae
635 1163 758 1228 nasalis
781 1162 963 1245 exemplum
980 1163 1089 1245 Bergk
1110 1162 1181 1228 iat
1207 1182 1267 1228 suo
1286 1161 1360 1244 jure

229 1284 270 1330 ex
292 1285 355 1329 uno
378 1260 489 1328 codice
510 1261 544 1325 in
565 1261 668 1326 lucem
692 1259 864 1343 protraxit,
893 1259 940 1324 ita
967 1266 1002 1325 ut
1027 1266 1131 1326 metro
1161 1259 1356 1340 subveniret,

229 1357 507 1441 πολυμμελές.
559 1358 647 1422 Haec
677 1357 780 1424 torma
814 1374 918 1437 neque
952 1375 992 1422 cx
1022 1357 1171 1439 Aeolica,
1207 1375 1358 1439 nequeo

230 1457 348 1523 Dorica
377 1454 514 1520 dialecto
545 1453 700 1537 explicari
729 1459 849 1536 potest,
883 1472 987 1536 neque
1016 1453 1147 1519 omnino
1181 1460 1302 1520 natura
1330 1460 1360 1518 et

231 1553 420 1620 necessitate
439 1559 508 1616 orta
524 1558 580 1631 est,
603 1551 661 1616 sed
683 1551 834 1615 licentiae
848 1550 975 1616 cuidam
997 1558 1113 1633 poetae
1136 1551 1284 1635 debetur,
1307 1550 1358 1633 qui

231 1651 380 1716 imitatus.
394 1668 464 1716 esse
486 1648 613 1716 videtur
636 1648 759 1730 epicam
782 1648 915 1713 formam
941 1646 1170 1734 φιλομμειδής
1192 1650 1287 1714 alias.

553 1886 646 1988 §ott
692 1886 748 1950 De
770 1885 1039 1968 spirantibus.

319 2039 407 2104 Nihil
430 2043 495 2110 tam
522 2037 685 2119 proprium
708 2045 757 2103 est
778 2037 958 2102 Laconicae
981 2036 1125 2116 dialecti,
1157 2057 1253 2120 quam
1278 2037 1362 2121 quod

201 2125 262 2201 ’θ
284 2155 383 2218 saepe
410 2136 444 2199 in
467 2156 503 2212 u,
535 2155 555 2196 σ
582 2133 680 2199 iuter·
696 2134 825 2200 vocales
854 2135 888 2198 in
916 2135 1063 2217 spiritum
1093 2155 1245 2219 asperum
1275 2137 1362 2201 abiit.

234 2234 411 2313 Utramque
433 2231 641 2297 mutationem
663 2231 696 2295 in
712 2231 892 2315 Lysistrata
913 2231 1050 2314 invenie,
1071 2235 1162 2298 illam
1181 2233 1253 2317 jam
1277 2232 1362 2317 apud

235 2330 424 2394 Alcmanem
439 2336 582 2394 nostrum
604 2326 827 2410 conspicimus,
850 2329 935 2394 hanc
950 2330 1123 2397 ostendunt
1137 2331 1365 2414 inscriptiones

235 2432 308 2510 post
336 2425 460 2491 initium
491 2427 568 2492 belli
601 2426 868 2507 Peloponnesiaci
898 2435 1067 2511 exaratae,
1100 2435 1247 2495 neutram
1282 2428 1365 2494 tituli

235 2524 347 2607 paullo
370 2524 568 2590 vetustiores.
612 2524 757 2606 Apparet
785 2523 889 2606 igitur,
919 2525 1001 2610 inter
1030 2542 1066 2591 se
1095 2545 1242 2608 pugnare
1265 2527 1364 2592 varic·

237 2642 307 2687 rum
330 2621 464 2686 fontium
487 2623 637 2688 rationes.
681 2621 793 2686 Altera
815 2621 943 2703 quidem
972 2623 1151 2705 proprietas
1175 2644 1196 2688 u
1217 2623 1253 2688 in
1276 2624 1366 2708 spiri·

236 2727 303 2786 tum
326 2718 471 2784 mutandi
496 2740 561 2784 ncn
592 2719 704 2800 habet,
720 2719 768 2804 in
799 2739 861 2801 quo
889 2718 1051 2799 offendas,
1080 2720 1107 2786 si
1131 2739 1202 2786 eam
1226 2729 1367 2788 exeunte
1479 2745 1480 2770 u

235 2818 365 2890 saeculo
388 2817 498 2898 quinto
520 2817 554 2882 in
576 2818 720 2900 linguam
743 2814 910 2897 irrepsisse
932 2818 1048 2898 sumis,
1080 2824 1111 2882 et
1132 2817 1233 2882 tradit
1255 2818 1366 2884 doctus

239 2911 368 2995 quidam
390 2914 617 2994 grammaticus
640 2912 761 2980 Anecd.
786 2911 888 2978 Oxou.
913 2917 984 2979 278.
1012 2919 1049 2978 14
1077 2911 1246 2992 Λάκωνες
1269 2921 1366 2997 μῶσα

239 3010 297 3072 καὶ
320 3007 353 3072 οἱ
382 3016 661 3094 μεταγενέστεροι
683 3008 852 3087 Λάκωνες
880 3005 957 3076 ἄνευ
984 3015 1044 3076 τοῦ
1067 3033 1088 3076 u
1110 3018 1195 3093 μαῖα.
1242 3015 1366 3078 Tamen

239 3125 304 3169 ncu
328 3123 440 3170 omnes
469 3107 529 3171 viri
558 3107 643 3172 docti
672 3108 756 3172 hanc
784 3109 993 3190 sententiam,
1025 3127 1107 3190 quae
1136 3116 1185 3174 est
1206 3111 1366 3190 Ahrensii,

240 3202 381 3284 amplexi
404 3209 487 3284 sunt,
511 3205 563 3284 qui
586 3203 671 3270 huiro
686 3205 908 3285 Laconismum
924 3196 1137 3289 antiquiorem
1153 3226 1225 3272 esse
1244 3209 1368 3284 volunt,

188 3306 201 3330 ⁸
240 3318 333 3382 quem
356 3305 412 3363 aut
433 3301 635 3382 repudiatum
659 3320 731 3367 esse
753 3303 794 3374 ab
810 3303 966 3369 Alcmana
988 3310 1103 3386 putant
1125 3306 1172 3381 (ut
1193 3305 1307 3388 Bergk
1330 3305 1366 3370 de

99 3425 104 3432 ·
206 3397 417 3464 ,litterarum
441 3395 585 3464 (inhiat.
605 3399 620 3462 l
637 3401 692 3463 66:
722 3400 784 3465 Die
806 3401 947 3483 Tilgung
969 3401 1026 3466 des
1042 3402 1118 3467 cist
1142 3401 1213 3466 dem
1232 3403 1367 3468 Alcman
1479 3447 1480 3458 η

240 3495 447 3575 unbekannt,
471 3495 518 3561 sie
539 3495 653 3578 gehdrt
676 3495 758 3561 eben
781 3497 838 3561 der
859 3497 950 3563 Rode
972 3497 1029 3564 des
1052 3498 1175 3564 Volkes
1199 3519 1253 3580 an,
1279 3499 1367 3566 ward

241 3593 311 3657 alsc
333 3592 367 3655 in
391 3591 448 3655 der
470 3591 742 3674 schriftmassigen
764 3593 907 3676 Sprache
934 3595 1132 3677 gemieden),
1163 3599 1276 3663 autin
1301 3599 1368 3682 cjus
1479 3609 1480 3614 ’

244 3687 431 3770 fragmentis
453 3688 619 3753 restituere
640 3696 797 3756 conantur
826 3691 882 3768 (sic
904 3693 1054 3759 Mainake
1076 3693 1237 3759 Athenaei
1268 3695 1368 3760 editor
1479 3731 1480 3750 r

242 3785 351 3849 scribit
380 3789 456 3866 μῶα
485 3784 522 3849 ir.
547 3789 597 3866 37,
634 3782 720 3870 νεαρ>
752 3783 913 3871 ἀσόφοῑιν
941 3790 977 3855 ir.
1001 3792 1042 3852 25
1076 3796 1187 3856 contra
1215 3790 1367 3856 librorum
1479 3839 1480 3846 ε

244 3881 485 3958 auctoritatem).
519 3883 673 3964 Majorem
694 3881 910 3952 difficultatem
935 3887 1032 3953 habet
1047 3887 1151 3953 altera
1166 3889 1315 3969 quaestio
1331 3888 1367 3953 de

243 3979 273 4036 θ
295 3975 328 4038 in
352 3999 372 4040 σ
394 3985 525 4044 mutato.
570 3979 724 4061 Ignorant
753 3980 836 4046 hanc
865 3984 1091 4067 proprietatem
1122 4004 1235 4052 omues
1262 3987 1367 4052 inscri-
