2986 4864
218 431 260 485 De
278 429 389 485 ablativi
407 433 435 486 in
453 433 589 486 veteribus
609 433 707 502 linguis
724 434 822 490 italicis
840 435 927 516 forma
945 441 972 492 et
990 455 1042 493 usu
1059 441 1147 494 locali.
1185 439 1247 501 389

210 603 397 670 Beatissimo
426 608 532 669 autem
561 604 624 670 iam
653 607 899 674 aSchleichero
927 607 1051 693 (Comp.
1075 631 1148 694 pag.
1174 617 1249 691 570)

122 703 269 786 stirpium
292 701 482 767 consonanti
503 703 742 770 terminatarum
758 705 864 771 suffixi
885 706 988 772 lcrma
1007 709 1247 792 intellectuum,

123 801 177 883 qui
193 799 329 882 flatrum
351 817 391 862 ex
413 795 597 881 *fratr-sos
619 808 720 866 ortum
739 809 815 868 'esse
831 803 916 868 dicit.
947 805 1035 886 Lege
1056 807 1149 872 enim¹
1165 829 1249 872 oom-

123 899 222 977 muni‚
240 917 302 979 qua
316 895 427 977 lingua
439 897 586 962 umbrica
600 898 707 981 utitur,
723 899 845 966 formae
860 898 1029 984 *frotrsos
1045 941 1084 949 -
1100 901 1248 987 *froirssr

122 1031 163 1042 -
179 993 328 1077 *fratruo
342 1029 384 1038 -
406 991 545 1076 *frutra
569 994 622 1059 ubi
645 1001 711 1088 tum
734 998 855 1063 vocalis
870 1020 890 1060 u
904 996 984 1065 fusci
1006 1001 1169 1084 coloriss
1184 1010 1215 1068 et
1229 1025 1249 1065 r

122 1113 220 1160 causa
242 1091 432 1173 inter-posita
454 1098 512 1172 est,
535 1092 601 1156 alia
624 1113 664 1158 ex
686 1094 752 1160 alia
773 1102 864 1161 ortae
885 1103 960 1164 sunt
981 1097 1032 1175 (cf.
1050 1098 1155 1182 pilius,
1179 1100 1249 1166 sive

120 1191 227 1275 pilius,
251 1225 294 1236 —-
308 1187 439 1271 *pilata
460 1223 501 1234 -
517 1185 689 1272 *pilatort
719 1192 821 1271 Quam
838 1195 1029 1260 sententiam
1045 1183 1154 1262 veram
1178 1216 1249 1263 esse

123 1290 218 1356 etiam
232 1307 273 1354 ex
287 1285 480 1366 nominibus,
496 1306 627 1368 quorum
644 1289 740 1373 stirps
755 1292 884 1356 ivocali
902 1289 1017 1372 finitur,
1039 1293 1248 1375 intellegitur,
1368 1310 1374 1319 ·
1486 1277 1487 1284 ¹

122 1387 155 1452 in
172 1385 288 1468 quibus
304 1383 416 1450 eodem
433 1383 528 1448 modo
544 1388 628 1448 aneis
642 1406 683 1452 ex
701 1385 830 1451 *occiso
844 1423 886 1435 —
900 1387 1029 1470 *corifo
1042 1425 1084 1436 -
1099 1390 1119 1431 a
1128 1390 1249 1472 occisos

123 1479 334 1549 derivandum
359 1489 416 1548 est.
462 1482 551 1560 Quae
573 1503 643 1548 oum
666 1483 712 1550 ita
734 1487 807 1566 sint,
834 1487 951 1552 falsum
974 1507 1046 1554 esse
1067 1489 1249 1571 putabimus

54 1659 62 1666 .
122 1581 208 1664 quod
224 1581 413 1646 Franciscus
430 1580 646 1646 Buechelerus
662 1582 859 1657 (Grundmd⁴
875 1584 983 1648 latein.
1002 1585 1090 1649 Deol.
1107 1604 1181 1666 pag.
1194 1587 1247 1659 94)

123 1680 163 1746 de
186 1679 236 1744 his
257 1677 367 1743 formis
383 1677 559 1760 disputavit
571 1678 707 1760 fretrus
727 1687 814 1745 recta
835 1680 890 1744 via
906 1680 1075 1745 excidente
1089 1678 1123 1760 s
1135 1681 1249 1744 sorma-

122 1787 188 1841 tum
211 1794 284 1842 esse
306 1782 404 1855 ratus,
428 1775 503 1857 quia
518 1776 563 1840 sio
578 1795 683 1857 neque
698 1777 781 1838 acris
798 1795 857 1842 neo
872 1798 887 1838 s
902 1775 1101 1843 immutabile
1123 1773 1254 1841 intelle?

121 1880 262 1956 geretur.
498 1940 502 1948 ,

207 1965 306 2035 Vides
328 1989 413 2034 nuuc
435 1969 517 2033 illud
538 1990 554 2029 r
575 1969 744 2034 verborum
765 1968 915 2051 fretrus,
946 1970 1029 2031 oneri
1051 1969 1084 2033 in
1107 1986 1126 2030 r
1147 1974 1250 2032 muta·

120 2073 188 2132 tum
211 2086 276 2131 non
299 2085 370 2132 esse
400 2073 571 2148 propterea
589 2065 677 2148 quod
706 2087 768 2131 non
800 2066 938 2149 simplex
961 2073 1045 2147 erat,
1078 2065 1135 2131 sed
1158 2066 1250 2148 quasi

124 2165 256 2248 duplex,
281 2162 375 2246 exsto
397 2163 640 2228 assimulatione
662 2169 869 2228 contractum.
913 2165 982 2230 Nec
1004 2181 1115 2246 parum
1139 2161 1250 2227 confir-

121 2269 226 2326 matur
257 2267 367 2326 nostra
395 2260 555 2326 sententia
588 2261 698 2342 lingua
728 2274 818 2340 osca,
852 2279 935 2342 quae
964 2261 1049 2326 idem
1080 2259 1250 2324 discrimen

120 2359 273 2444 praebet,
304 2358 359 2423 ubi
388 2358 490 2423 forma
518 2357 651 2421 ablativi
680 2357 825 2444 stirpium
849 2359 882 2421 in
906 2379 925 2420 o
947 2359 1000 2422 vel
1023 2377 1041 2419 o
1065 2357 1251 2423 exeuntium

121 2477 191 2522 cum
207 2456 318 2520 latinis
334 2454 484 2520 convenit
501 2452 651 2532 (dart-riis
666 2489 707 2500 -—
729 2452 894 2531 *bort-oris
915 2489 957 2500 —-
978 2455 1104 2525 hort-tr,
1129 2453 1213 2534 quod
1230 2475 1251 2518 a

120 2573 237 2636 graeco
262 2550 398 2635 χόρτοις
428 2572 470 2616 ne
499 2555 660 2634 separes);
692 2549 749 2616 sed
779 2549 919 2632 unrrsrisr
946 2552 979 2615 in
1009 2552 1121 2632 lingua
1149 2552 1251 2615 latina

123 2697 197 2715 .....
216 2640 285 2712 ibus
307 2654 407 2730 asset3
437 2667 520 2730 quae
541 2649 642 2713 forma
664 2669 684 2713 a
706 2647 909 2713 Sohleichero
933 2655 1017 2714 recte
1039 2665 1080 2712 ex
1103 2643 1170 2692 *a
1185 2646 1252 2729 isos

120 2744 200 2822 (³¹²-·
215 2745 272 2828 css)
295 2745 471 2812 deducitur.

207 2843 331 2921 Quibus
352 2842 449 2907 rebus
466 2842 620 2924 expositis
643 2843 745 2908 nolite
761 2841 917 2922 dubitare,
941 2841 1017 2923 quin
1035 2841 1251 2906 Buechelerus

120 2951 154 3005 et
178 2941 313 3006 Brealus
336 2946 422 3005 reote
441 2939 674 3022 disputaverint
696 2939 873 3004 ablativum
896 2938 1032 3023 pluralis
1054 2939 1177 3004 numeri
1192 2939 1250 3003 ita·

119 3038 216 3103 licum
239 3037 385 3120 stirpium
408 3037 509 3102 vocali
528 3037 613 3102 uvel
629 3058 648 3098 o
663 3037 903 3103 terminatarum
925 3035 1031 3101 suffixi
1051 3039 1082 3098 ri
1106 3039 1167 3114 (σι)
1189 3055 1251 3119 ope

120 3135 291 3200 formatum
308 3151 379 3199 osse
393 3135 472 3215 rati3
495 3154 557 3216 qua
573 3153 607 3198 re
622 3135 741 3199 iactum
757 3141 814 3215 est,
835 3141 870 3198 ut
885 3153 978 3200 casus
993 3130 1155 3199 ablativus
1171 3134 1251 3218 (sive

121 3230 264 3310 dativus)
278 3232 412 3314 pluralis
429 3237 460 3296 et
474 3231 604 3296 locativi
621 3239 653 3296 et
663 3231 876 3314 ablativipqoi
891 3233 1041 3314 proprius
1056 3231 1118 3296 dici
1134 3238 1249 3314 petest,
1313 3251 1324 3268 ‚

121 3349 213 3395 usum
238 3329 366 3394 habeat.
1028 3323 1030 3326 ’

173 3447 175 3454 ·
208 3425 302 3492 Dicet
323 3426 459 3491 fortasse
481 3425 639 3508 quispiam
670 3423 788 3488 formas
812 3424 953 3506 filiolus,
981 3423 1142 3506 portubus,
1174 3425 1250 3484 omi-

42 3520 45 3524 ’
121 3523 215 3594 abac,
240 3522 346 3584 suibus
362 3527 432 3606 (pro
447 3523 512 3584 scis
527 3524 588 3586 Mo.
607 3523 631 3584 l.
649 3521 685 3584 R.
704 3521 742 3584 N.
761 3525 855 3597 6417)
879 3538 1058 3603 repugnare
1074 3525 1184 3583 contra
1205 3517 1250 3601 id,

120 3621 206 3704 quod
223 3619 379 3703 diximus;
403 3620 544 3685 minime.
574 3619 669 3683 Errat
684 3616 768 3681 euim
785 3616 1009 3682 Schleioherus
1024 3615 1147 3698 (Comp.
1165 3619 1249 3695 569),

121 3739 193 3783 cum
217 3737 258 3784 ex
279 3715 421 3800 filiabus,
445 3715 592 3779 ominibus
612 3716 731 3780 lormas
749 3713 841 3798 fillis,
866 3715 974 3775 amicis
996 3712 1157 3778 derivatas
1179 3732 1251 3780 esse

122 3823 224 3898 putat.
263 3814 400 3879 Formae
416 3814 511 3895 euim,
535 3814 647 3894 quales
666 3818 740 3877 sunt
763 3809 920 3884 amicibor,
943 3809 1055 3882 suibus,
1079 3811 1134 3874 vix
1155 3811 1251 3876 aliter

121 3912 196 3977 oriri
220 3917 393 3994 potuerunt
407 3929 503 3994 quam
525 3929 583 3993 per
598 3909 712 3975 salsam
728 3907 897 3991 quandam,
922 3926 1003 3989 quae
1026 3906 1151 3988 dicitur,
1174 3928 1252 3973 ana·

121 4010 251 4092 logiam.
296 4009 384 4092 Inter
398 4008 531 4093 filiabus
552 4015 659 4073 autom
682 4014 777 4089 atque
796 4004 879 4090 filiis
901 4027 966 4072 non
989 4023 1029 4070 ea
1051 4004 1132 4069 ratio
1154 4005 1252 4070 inter-
