2968 4866
756 432 848 502 Spiess

634 637 759 715 011111
785 661 970 714 carneum.

325 765 496 876 Postquam
519 791 680 876 praemisi,
703 810 786 874 quae
808 791 890 857 scire
912 811 993 874 opus
1015 798 1079 872 est,
1102 797 1280 873 antequam
1302 789 1366 856 dia-

237 895 356 959 lectum
379 893 543 956 Alemanis
565 909 606 956 11
634 889 714 973 ipsis
743 884 932 971 fragmentis
953 907 1146 970 cognoscere
1167 888 1366 967 studeamus,

236 990 307 1073 jam
336 989 574 1054 enumerandae
601 994 676 1053 sunt
706 987 797 1052 libris
830 985 964 1052 ducibus
995 986 1203 1052 Alcmanicae
1236 985 1365 1065 formae,

240 1093 395 1170 quotquot
415 1087 448 1152 in
471 1104 600 1151 censum
623 1084 775 1166 veniunt3
805 1103 869 1166 qua
890 1084 924 1147 in
947 1102 982 1149 11
1003 1102 1024 1148 a
1046 1083 1207 1148 Laconica
1230 1083 1365 1148 dialecto

240 1185 420 1266 antiquiore
441 1199 570 1265 semper
591 1180 855 1265 proficiscendum
879 1187 938 1245 eet.

690 1340 734 1396 lle
757 1340 919 1395 vocalibus.

422 1455 494 1532 §tt
540 1455 595 1518 De
617 1476 638 1515 α
661 1453 822 1518 vocalis
845 1473 915 1516 usu
938 1452 1184 1517 Alcmanico.

326 1571 453 1636 Vocalis
476 1596 497 1635 α
520 1591 617 1654 purus
639 1591 738 1637 sonus
760 1570 848 1654 apud
871 1571 973 1636 Doree
993 1577 1024 1636 et
1038 1571 1156 1636 Aeetes
1178 1571 1282 1634 multo
1304 1589 1368 1633 cre·

239 1668 328 1735 brius
344 1669 535 1734 audiebatur
550 1687 645 1750 quam
661 1671 694 1732 in
716 1669 876 1733 communi
891 1668 1084 1734 Graecorum
1101 1667 1253 1733 dialecto.
1288 1667 1367 1730 Nam

239 1768 376 1851 primum
405 1785 445 1833 ea
471 1766 558 1849 apud
586 1766 661 1831 illos
689 1771 841 1848 apparet,
874 1766 928 1830 ubi
955 1765 1052 1830 Attici
1080 1766 1242 1847 ceterique
1273 1764 1367 1828 Iones

239 1865 419 1930 molliorem
449 1885 467 1926 e
495 1862 763 1946 pronuntiabant,
797 1863 831 1926 in
859 1882 978 1944 magna
1005 1861 1235 1927 vocabulorum
1267 1861 1367 1942 copia

240 1963 353 2028 Brevis
382 1961 511 2044 quidem
534 1961 656 2026 vocalis
678 1960 734 2025 illc
757 1980 832 2024 usus
853 1961 888 2024 in
917 1960 1030 2044 paucis
1052 1959 1258 2041 conspicitur,
1288 1977 1368 2040 quae
1476 2031 1477 2046 .

239 2061 376 2125 fortasse
404 2080 469 2123 non
498 2058 606 2123 omnia
639 2057 725 2121 omui
754 2057 867 2121 Doridi
901 2064 975 2121 sunt
1008 2058 1199 2122 communia.
1250 2057 1368 2120 Eorum
1476 2059 1477 2090 l

240 2155 328 2239 apud
344 2157 531 2226 Alcmenam
554 2155 619 2218 alia
642 2174 711 2218 cum
728 2177 749 2216 α
764 2155 831 2218 alia
845 2173 916 2218 cum
934 2178 949 2218 s
965 2155 1119 2220 instructa
1136 2160 1252 2218 extant
1275 2154 1367 2218 hacc:

120 2317 121 2321 ,
236 2248 491 2333 Ἀρτέμιτος
527 2249 727 2334 θεράποντα
755 2251 943 2317 Eustathius
976 2250 1019 2315 ad
1048 2250 1109 2316 Od.
1141 2271 1173 2333 p.
1200 2254 1295 2331 1618,
1330 2253 1367 2314 29

240 2368 282 2415 111
297 2369 335 2414 11
350 2348 458 2429 affert,
483 2348 632 2413 Doricam
647 2347 774 2414 mediae
790 2349 995 2413 consonantis
1009 2351 1220 2416 mutationem
1237 2348 1367 2429 docens,

240 2465 311 2511 oum
333 2447 399 2510 alio
421 2446 491 2512 loco
515 2445 568 2523 (ad
590 2445 629 2510 Il.
646 2449 719 2526 969,
740 2449 770 2521 7)
794 2445 835 2511 de
851 2470 872 2509 α
889 2446 983 2528 hujus
1006 2447 1093 2512 vocis
1116 2452 1270 2512 testetur:
1293 2449 1369 2508 Δω-

241 2555 327 2629 ριεῖς
348 2541 411 2628 γὰρ
435 2539 482 2621 ὥς
504 2566 610 2628 φασιν
626 2543 660 2608 oi
676 2543 824 2623 τεχνικοὶ
845 2547 984 2625 τρέπειν
1008 2540 1175 2608 εἰώθασιν
1199 2539 1311 2620 οὕτως
1331 2541 1367 2606 τὸ

233 2641 345 2724 ’τρέχω
361 2639 472 2725 τράχω
488 2642 545 2707 καὶ
559 2640 620 2727 τὴν
641 2638 793 2723 Ἄρτεμιν
808 2635 975 2722 ’Ἀρταμιν
997 2642 1055 2706 καὶ
1075 2639 1114 2704 τὸ
1131 2639 1298 2723 κύπειρον
1313 2639 1369 2705 κύ-

240 2751 365 2821 παιρο1
386 2739 427 2804 11.
441 2739 560 2805 Herod.
576 2761 613 2803 rr.
629 2762 702 2819 μον.
718 2739 841 2818 λέξεως
865 2741 893 2817 8,
917 2741 967 2802 23.
1013 2739 1144 2821 Legitur
1162 2734 1368 2822 Ἀρταμιτίῳ
1475 2817 1476 2820 ¹

239 2835 273 2901 in
289 2837 422 2920 Lysistr.
442 2839 534 2900 1251.
570 2835 714 2901 Adnotat
730 2837 836 2917 Bergk
852 2834 889 2899 11.
909 2840 962 2899 101
977 2859 984 2900 ε
1007 2844 1146 2902 ceterum
1162 2835 1369 2901 scribendum
1475 2845 1476 2874 ³

240 2930 595 3017 11111111Άρτάμιτος.
618 2969 660 2980 -
682 2955 725 3014 γα
748 2932 799 3008 (11.
825 2933 959 3015 Lysistr.
984 2938 1043 2998 105
1066 2933 1207 3016 saepius)
1230 2935 1368 3014 legimus

241 3029 394 3095 cdiserto
410 3031 572 3112 Apollonii
596 3031 636 3096 de
658 3030 867 3113 pronatae
890 3030 1072 3096 testimonio
1094 3031 1279 3114 pronomini
1301 3050 1370 3114 per·
1475 3067 1476 3074 1

241 3125 345 3192 eonati
367 3126 528 3208 adjectum
552 3123 712 3209 ἐ’γωνγα
734 3128 771 3191 ir.
796 3133 847 3192 51.
872 3161 910 3172 -
935 3125 1061 3210 ἱερὸν,
1087 3147 1260 3210 quaevox
1283 3130 1368 3193 etin

241 3223 348 3288 multis
370 3222 443 3287 aliis
464 3223 567 3288 titulis
590 3231 623 3288 11
642 3225 676 3287 11
692 3225 849 3291 Laconico
873 3223 909 3288 Ο.
924 3225 950 3289 Ι.
966 3224 1005 3289 G.
1025 3230 1061 3290 13
1086 3243 1144 3307 per
1166 3250 1188 3288 α
1211 3227 1366 3308 scribitur,
1475 3213 1476 3216 ¹

241 3321 455 3386 1111111116.
497 3321 558 3385 Pro
581 3321 712 3385 Maximi
736 3321 889 3386 Planudis
913 3322 1050 3387 lectione
1073 3321 1165 3405 ἱερὸν
1187 3325 1225 3388 11.
1243 3330 1285 3390 45
1310 3325 1368 3390 Η1·

241 3417 388 3502 phaestio
417 3415 534 3501 ἵμερον
563 3417 708 3498 exhibet,
738 3438 831 3500 quem
863 3419 962 3483 secuti
991 3426 1064 3483 sunt
1093 3418 1242 3486 editores.
1287 3422 1366 3486 Item

241 3536 299 3597 pro
324 3513 508 3600 ἱερόφωνοι
532 3513 569 3579 11.
593 3519 643 3594 26,
671 3520 683 3578 l
716 3517 910 3598 scripserunt
937 3513 1154 3601 ἱμερόφωνοι.
1200 3518 1306 3584 Aliter
1328 3518 1367 3583 de

241 3611 292 3676 bis
314 3613 445 3676 vocibus
470 3612 597 3693 judicat
618 3612 760 3694 Abram,
791 3614 844 3695 qui
873 3632 990 3677 novum
1015 3615 1206 3679 vocabulum
1229 3615 1293 3682 sibi
1315 3615 1366 3680 de·

242 3709 362 3773 texisse
384 3709 510 3774 videtur
534 3707 626 3789 ἰερὸς
649 3711 702 3774 111
726 3708 822 3791 ἰαρὸς
844 3711 897 3774 111
928 3708 1043 3794 εἰαρὸς
1073 3732 1130 3795 pro
1162 3711 1295 3795 διερὸς,
1328 3712 1366 3778 de

241 3824 303 3886 quo
319 3806 386 3887 egit
402 3806 516 3870 Philol.
534 3805 662 3870 XXVII
674 3827 704 3888 p.
721 3810 782 3871 585
799 3827 867 3889 sqq.
884 3807 1076 3888 doctissime,
1100 3809 1239 3874 sednon
1255 3811 1310 3889 ita,
1333 3817 1366 3875 ut

241 3899 319 3964 mibi
343 3903 539 3984 persuadere
560 3902 670 3985 possit.
704 3939 746 3950 -
780 3927 822 3968 κα
847 3905 1047 3987 respondens
1069 3907 1178 3972 lonico
1199 3932 1254 3984 τε,
1285 3927 1365 3990 quae

242 4004 291 4061 est
306 3999 486 4063 terminatio
503 4000 727 4065 adverbiorum
743 4001 905 4084 temporis,
928 4001 1044 4084 legitur
1059 4004 1267 4086 compluries:
1291 4001 1363 4069 ὅκα
