2968 4866
210 407 274 470 290
711 399 845 454 Schrader

279 580 435 645 ¹Restant
457 572 597 655 denique
618 591 733 656 pauca,
762 588 846 652 qnae
869 588 910 636 ex
931 570 1085 654 analogia
1106 588 1218 635 eorum
1240 570 1336 634 nomi·

214 697 302 759 num,
325 693 409 757 quae
425 669 521 738 modo
543 669 690 751 tractavi,
713 665 858 733 vocalem
874 691 893 753 q
910 687 967 750 pro
984 667 1053 732 555
1075 665 1179 749 ipsam
1203 665 1336 732 radicem

216 771 377 857 recepisse
398 768 559 836 videntur.

302 883 372 950 Hae
394 879 513 946 refero:

349 967 485 1078 5555555
506 992 582 1057 5555.
606 990 691 1074 Hyp.
717 991 766 1053 58.
804 986 883 1053 ther.
908 986 941 1053 O
966 987 990 1052 1.
1014 1007 1060 1072 gr.
1083 989 1167 1052 2448
1191 986 1271 1053 VIII
1292 990 1339 1050 26.

399 1091 470 1158 (5.5.
488 1108 535 1172 gr
549 1084 652 1153 2525¹’
668 1087 785 1152 15etc.
798 1085 973 1170 -85555,
990 1088 1019 1148 2.
1043 1086 1146 1150 Alcm.
1157 1087 1215 1167 25,
1233 1087 1340 1149 26555.

401 1208 442 1255 cx
470 1195 549 1250 onor
577 1183 616 1250 55.
645 1184 810 1282 Brugmau
841 1181 924 1248 stud.
954 1183 1002 1247 IX
1024 1185 1129 1248 387..
1152 1177 1276 1294 πᾳτήρ.
1304 1181 1340 1248 cf.
1466 1255 1467 1272 ¹

401 1277 582 1368 εὖπάτωρε
575 1279 769 1365 Νικάνωρ.

347 1404 379 1477 2)
402 1394 506 1483 155558
529 1401 664 1482 Κρῆτος
684 1401 756 1478 555,
785 1391 902 1479 Κρήτα
924 1394 972 1459 555.
997 1413 1172 1478 55555-
1128 1393 1287 1459 -Ρ555.
1310 1395 1370 1458 Ρ.

401 1494 758 1575 V41.fr.131‚2.:
780 1489 935 1578 Μάγνης,
960 1489 1229 1579 Mo'eyvqcogeta

747 1715 855 1800 58.

306 1827 376 1920 Hoc
405 1851 447 1919 de
475 1848 664 1963 stirpibus
655 1866 876 1914 5555555555
905 1847 1096 1914 exeuntibus
1124 1849 1345 1931 exposuimus;

218 1953 285 2020 iam
312 1949 356 2017 55
385 1950 502 2033 stirpes
530 1947 678 2014 uenimus
705 1945 739 2012 in
769 1946 898 2012 vocales
929 1951 1093 2012 exeuntes.
1137 1946 1245 2028 Atque
1278 1965 1343 2012 cum

222 2049 352 2116 dialecti
380 2043 616 2113 aeolo-doricae
640 2042 763 2129 nullum
785 2041 903 2108 veteris
924 2041 1086 2108 uocalis·
1069 2067 1091 2108 α
1110 2061 1214 2135 genus
1236 2042 1288 2110 vel
1309 2063 1345 2109 eo

220 2152 379 2228 tempore,
409 2162 471 2225 quo
493 2140 591 2206 Attici
619 2141 774 2207 sermonis
802 2139 940 2223 vestigia
968 2138 1068 2204 multa
1097 2139 1184 2224 apud
1208 2141 1346 2223 reliquas

219 2248 334 2328 gentes
350 2239 597 2324 conspiciuntur,
620 2237 745 2304 fidelius
764 2243 893 2304 servent
915 2257 1012 2320 quam
1027 2238 1171 2304 vocalem
1188 2237 1250 2302 ᾶΙ.
1267 2238 1345 2304 decl.

220 2337 333 2420 (ntra,
356 2334 475 2415 πύλας,
498 2333 603 2422 acilo,
627 2333 759 2414 πύλαν),
788 2336 830 2402 ab
853 2334 944 2400 initio
967 2333 1080 2400 mirum
1103 2334 1268 2402 videbitur
1289 2336 1346 2402 hac

221 2454 348 2522 quoque
369 2435 403 2500 in
424 2455 460 2502 re
481 2433 639 2518 insignem
667 2433 805 2518 perspici
828 2433 1058 2516 exceptionem.

307 2532 421 2615 Neque
446 2539 554 2598 tamen
583 2550 635 2597 res
659 2531 732 2615 ipsa
763 2531 876 2614 negari
906 2536 1027 2614 potest3
1061 2531 1239 2597 rectissime
1266 2531 1346 2598 onim
1465 2573 1466 2582 .

222 2640 254 2700 55
276 2632 315 2699 G.
339 2629 467 2697 (lurtius
488 2629 572 2708 (Bor.
596 2627 626 2693 5.
650 2628 754 2694 555555.
778 2627 853 2694 Ges.
875 2628 954 2693 XVI
977 2629 1050 2704 231)
1074 2634 1107 2694 55
1128 2628 1348 2695 Schlcichcrus
1465 2625 1466 2638 ¹

223 2734 356 2814 (comp.3
378 2731 451 2806 562)
475 2732 693 2810 cognoverunt
715 2724 914 2791 adverbia
935 2725 1013 2790 illa
1034 2726 1074 2790 in
1089 2750 1126 2812 -η
1146 2727 1270 2809 locum,
1296 2726 1346 2791 ubi

222 2827 299 2912 quid
329 2826 379 2908 fit,
417 2823 630 2910 significantia
657 2844 714 2908 pro
743 2823 867 2906 priscis.
886 2823 1009 2906 primas
1038 2822 1266 2891 declinationis
1291 2823 1348 2888 in·

174 2928 177 3012 ]
221 2923 567 2992 strumentalibus
604 2940 676 2987 esse
711 2919 889 2987 habendes.
945 2922 1106 3005 Exempla
1141 2921 1284 2988 maxime
1316 2920 1347 2984 iu

223 3021 423 3089 Cretensium
447 3019 584 3087 dialecto
599 3019 801 3104 reperiuntur·
816 3025 851 3084 ut
866 3017 980 3105 διπλῆ,
1004 3017 1148 3106 casceca
1166 3018 1206 3084 cf.
1223 3019 1348 3086 Ahreus

221 3119 254 3186 Il
277 3122 357 3202 3623
381 3116 421 3183 de
442 3123 576 3183 accentu
597 3116 630 3180 II
653 3121 703 3182 34.
747 3116 892 3183 Accessit
912 3135 1014 3199 nuper
1034 3115 1161 3199 insigne
1181 3116 1348 3182 arcadicus

222 3216 354 3282 dialecti
378 3214 576 3300 exemplum:
609 3209 690 3299 ἄλλη
715 3213 775 3292 (tit.
798 3221 862 3296 teg.
886 3216 996 3291 35s36:
1025 3212 1071 3300 μή
1096 3212 1129 3278 οἱ
1152 3211 1241 3280 ἔστω
1264 3213 1347 3280 5555-

222 3337 282 3379 κον
304 3310 486 3399 aquomst
506 3307 589 3397 ἄλλη
607 3308 637 3376 ἰν
656 3309 787 3396 Τεγέᾳ).
817 3311 990 3377 Ρ55555555
1011 3310 1073 3375 huc
1091 3309 1263 3377 referenda
1278 3317 1349 3378 suut

222 3411 401 3496 particulae
422 3410 499 3476 illae
521 3415 556 3475 ut
579 3406 631 3495 δή,
654 3405 748 3494 ἤ-ὁη,
774 3406 895 3494 ἐπειδή
920 3407 971 3482 (55.
987 3407 1113 3474 Curtius
1135 3408 1249 3475 Grdr.⁴
1265 3413 1348 3489 620),

224 3529 308 3593 quae
330 3507 475 3594 quamvis
498 3514 530 3574 55
555 3507 588 3572 55
618 3505 719 3572 titulis
741 3511 774 3572 et
793 3506 827 3572 in
850 3505 940 3572 libris
962 3505 1211 3588 frequententur,
1241 3513 1347 3572 tamen

223 3627 266 3674 ne
288 3626 352 3672 uno
376 3605 504 3689 quidem
527 3605 598 3670 loco
620 3611 642 3668 ᾶ
663 3623 721 3686 555
744 3628 763 3690 q
788 3602 951 3670 exhibent.
983 3603 1052 3668 Iam
1075 3603 1219 3686 quaestio
1241 3604 1348 3684 oritur,

225 3703 279 3786 qui
301 3703 419 3771 iactum
442 3703 494 3785 sit,
524 3709 558 3767 ut
579 3701 736 3768 adversus
757 3701 929 3768 universae
951 3707 983 3768 et
997 3700 1141 3768 Aeolidis
1164 3707 1196 3767 ot
1220 3701 1348 3766 Doridis
1464 3695 1465 3730 l

224 3800 485 3867 consuetudinem
508 3801 542 3865 in
564 3798 669 3882 prisco
691 3798 747 3865 illo
768 3797 1044 3866 instrumentalis
1064 3798 1098 3864 in
1122 3824 1140 3885 5
1164 3803 1344 3865 mutaretur.

309 3898 414 3980 Atque
444 3917 514 3981 ego,
545 3917 736 3981 quamquam
759 3897 908 3981 graviora
930 3915 1027 3980 aegre
1053 3895 1260 3978 desiderans,
1289 3895 1345 3960 hoc

176 4049 179 4056 .
222 4010 295 4058 cum
316 3993 425 4076 aliqua
446 3994 514 4061 veri
537 3993 746 4070 similitudine
767 3993 964 4077 protulerim.
998 4023 1002 4031 ·
