2986 4864
241 407 302 468 sol
579 453 582 460 .
756 408 847 478 Spiess

241 588 321 652 haec
350 539 545 670 proprietas,
576 583 603 648 si
627 580 646 644 d
669 588 701 648 et
724 580 765 646 dd
787 604 827 652 ex
856 585 926 666 ipso
950 579 987 667 ὃ]
1007 589 1077 648 crta
1099 593 1224 667 essent,
1256 586 1368 653 eodem

240 680 336 748 modo
358 703 420 767 quo
443 686 577 759 κιέννω,
601 676 746 762 ἅλλομαι
768 701 809 747 ex
824 681 1057 764 antiquioribus
1075 681 1186 747 formis
1208 679 1367 768 *aaaajm

239 776 415 863 *dljopaa
449 780 515 846 Sed
537 779 743 846 verisimilius
765 787 815 846 est
837 788 868 845 et
890 779 969 845 mihi
992 788 1112 846 certum
1135 799 1209 846 esse
1230 781 1366 865 videtur,

241 875 282 941 dd
305 884 337 942 et
360 876 380 940 δ
403 897 443 943 ex
467 878 485 957 ζ
505 879 526 944 i.
549 898 577 944 e.
601 877 642 942 ὄσ
664 877 748 943 lacta
771 898 858 959 esse,
889 885 923 944 nt
944 876 1082 960 μέλιττα
1105 886 1138 944 et
1158 879 1308 960 μέλισσα
1330 901 1367 946 ex

239 972 416 1056 *aalma
440 996 535 1059 quam
551 977 745 1042 sententiam
761 976 886 1042 Curtius
905 975 1058 1059 praetulit
1071 975 1185 1042 uruat
1202 981 1276 1041 657.
1307 979 1368 1044 lta·

239 1093 301 1156 qne
330 1093 372 1140 ex
403 1083 516 1142 natura
545 1073 639 1157 hujus
668 1073 856 1140 mutationis
885 1074 965 1140 nihil
993 1074 1035 1142 de
1061 1083 1169 1143 aetate
1195 1076 1269 1160 ejus
1297 1097 1369 1143 con·

238 1171 324 1238 cludi
354 1179 468 1255 potest.
512 1173 550 1238 In
583 1171 703 1238 tabulis
732 1171 1000 1239 Heracleensibus
1030 1192 1070 1239 ea
1099 1194 1164 1239 non
1181 1175 1368 1258 reperitur.

238 1272 352 1352 Itaque
374 1291 439 1360 non
462 1276 519 1352 est,
544 1289 599 1335 cur
615 1268 678 1348 ζίιι
698 1266 878 1351 Τρσζάνισι
900 1277 934 1336 et
956 1267 1023 1356 ζώη
1047 1271 1144 1336 simili
1166 1272 1296 1338 ratione
1318 1292 1369 1338 ex·

154 1439 158 1446 ,
240 1367 396 1452 plicemus
424 1375 520 1450 atque
548 1372 591 1450 33
621 1366 726 1450 potius
754 1365 844 1432 illam
876 1368 1085 1436 mutationem
1114 1370 1156 1434 ab
1186 1369 1369 1452 antiquiore

239 1465 400 1530 Laconica
414 1464 551 1530 dialecto
567 1463 713 1529 alienam
721 1462 915 1547 judicamus.
946 1466 1060 1548 Neque
1074 1465 1163 1550 apud
1177 1466 1369 1531 Alcmanem

239 1562 434 1646 ullnm'ejus
455 1560 625 1643 vestinum
650 1567 712 1641 est,
741 1582 817 1627 nam
840 1561 925 1645 qnod
947 1563 984 1629 ir.
1008 1567 1048 1630 35
1074 1563 1149 1630 libri
1171 1562 1369 1647 κιθαρίὸειν

240 1665 272 1726 et
287 1680 370 1726 unns
385 1659 487 1727 codex
503 1657 727 1743 κιθθαρίόειν
743 1660 890 1743 praebet,
915 1680 955 1727 ex
971 1679 1010 1727 eo
1025 1681 1090 1727 non
1106 1681 1187 1744 opus
1201 1668 1254 1727 est
1268 1665 1370 1725 κιθα-

241 1755 370 1842 plasea
400 1757 623 1842 conjiciamus,
652 1776 722 1821 cum
752 1777 817 1822 non
847 1759 947 1823 multo
976 1758 1104 1841 longius
1125 1758 1211 1825 absit
1240 1762 1370 1823 κιθα-

241 1853 423 1938 ρίσδειν,
463 1874 546 1939 qnae
582 1852 766 1937 conjectura
798 1855 951 1938 analogia
982 1863 1159 1922 ceterarum
1196 1856 1368 1923 formarum

240 1951 491 2020 commendatur.
536 1952 621 2018 Nam
649 1971 748 2035 saepe
776 1952 864 2035 apud
892 1971 965 2018 eum
994 1952 1037 2018 ud
1064 1973 1123 2037 pro
1147 1952 1166 2033 ζ
1190 1953 1225 2019 in
1255 1955 1369 2021 mediis

241 2049 406 2116 vocabulis
429 2049 522 2115 nobis
545 2049 695 2130 occurrit,
719 2069 802 2131 quae
824 2057 873 2116 cst
894 2050 1054 2121 Lesbiaca
1074 2047 1275 2135 proprietas:
1298 2077 1369 2134 με·

134 2217 136 2224 ,
240 2146 496 2228 λισδσμέναι
524 2146 560 2212 ir.
584 2149 640 2228 98,
672 2142 846 2230 ἀμλσόεσ
876 2146 912 2214 ίέ.
940 2151 998 2212 123
1028 2168 1086 2232 pro
1109 2144 1200 2228 ἅζεο,
1229 2169 1367 2233 quocum

240 2246 386 2312 conferas
408 2237 575 2326 αὐγάσδεο
603 2242 638 2306 in
666 2243 829 2310 cantilena
850 2245 1022 2328 Laconica,
1053 2246 1233 2313 παίσδει
1256 2249 1295 2314 fr.
1320 2251 1367 2330 38,

241 2339 427 2406 ὄσδοντα
450 2341 486 2406 ir.
514 2346 583 2421 117,
606 2337 848 2424 τράπεσδαι
870 2342 907 2407 ir.
932 2347 982 2426 74,
1004 2341 1177 2423 μάσδων
1199 2344 1238 2410 tr.
1256 2349 1310 2412 84.
1329 2381 1368 2392 -
1479 2365 1480 2370 ’

241 2438 360 2505 Contra
383 2437 577 2524 {reperitur
599 2438 632 2502 in
655 2437 720 2503 his:
744 2435 872 2518 ialal
877 2463 892 2504 ε
916 2439 953 2505 ir.
977 2445 1027 2522 44,
1054 2461 1148 2523 quem
1171 2441 1215 2507 ad
1238 2443 1368 2508 modum

237 2540 307 2624 jam
322 2537 524 2604 Herodianus
537 2536 624 2602 lianc
640 2555 750 2602 vocem
766 2536 905 2619 legabat.
944 2534 1017 2617 ἅζσ
1026 2562 1102 2620 μαι
1117 2540 1155 2606 fr.
1172 2542 1224 2621 54,
1241 2541 1269 2606 si
1285 2539 1366 2606 illud

239 2637 408 2704 frustulum
423 2635 536 2702 merito
551 2633 699 2700 Alcmani
714 2633 870 2700 tribuitur.
893 2671 934 2682 -
957 2636 996 2700 In
1018 2635 1122 2704 trenta
1137 2638 1368 2704 vocabulorum

241 2756 327 2803 nunc
348 2734 466 2819 ubique
489 2732 507 2812 ζ
527 2731 660 2814 legitur:
693 2729 864 2810 ζατεύει
886 2733 923 2798 fr.
947 2737 997 2815 33,
1021 2739 1103 2798 Ζεῦ
1125 2735 1162 2800 ir.
1187 2739 1239 2801 29.

594 2975 613 3053 ξ
638 2974 686 3033 15.
732 2969 788 3033 De
811 2968 1019 3053 digamma.

198 3195 201 3204 ι
250 3151 252 3155 v
327 3118 472 3184 Lacones
495 3125 621 3202 praeter·
644 3127 766 3186 ceteros
781 3121 922 3186 Graecos
941 3118 1094 3202 digammi
1116 3124 1250 3186 tenaces
1272 3119 1367 3186 luisse
1478 3145 1479 3224 ἐ

241 3214 383 3280 omnium
406 3213 532 3281 videtur
555 3235 627 3282 csse
649 3218 771 3302 opinio,
801 3236 884 3300 qnae
907 3217 957 3283 his
978 3216 1083 3282 causis
1105 3214 1233 3281 nititur:
1266 3219 1302 3283 in
1324 3220 1366 3282 in·

240 3313 466 3397 scriptionibus
480 3315 636 3398 reperitur
650 3338 680 3393 r,
703 3315 884 3397 ubicunque
900 3319 1120 3398 exspectatur:
1142 3317 1269 3393 flaura,
1293 3313 1366 3400 ἐδή-

242 3410 336 3491 δσεα,
351 3411 492 3490 σαλεῐαι,
514 3420 750 3499 ιταιακτσριῆς,
765 3417 875 3491 πέσεα,
892 3417 997 3478 πισῶν
1015 3411 1101 3493 (sie);
1123 3411 1255 3492 glossae
1270 3413 1365 3479 Laoc·

239 3511 332 3576 nicae
361 3510 547 3577 recentioris
575 3511 693 3578 aetatis
714 3515 737 3593 β
759 3509 934 3576 ostendunt
962 3510 1032 3575 loco
1054 3509 1178 3590 antiqui
1202 3509 1363 3592 digammi,

239 3609 291 3672 vel
306 3606 340 3672 in
355 3595 471 3674 mediis
485 3610 632 3692 vocibus,
657 3607 795 3690 denique
815 3607 1014 3691 grammatici
1030 3605 1070 3672 de
1084 3607 1247 3672 Laconico
1271 3608 1363 3690 hujus

238 3705 353 3770 literae
376 3725 434 3771 usu
457 3713 623 3772 testantur.
656 3705 777 3785 Quare
799 3705 893 3772 facile
914 3703 1112 3785 adducimur,
1136 3709 1171 3768 ut
1187 3687 1362 3787 'antiquiori

239 3802 420 3869 Laconicae
435 3802 572 3871 dialecto
593 3804 756 3886 digamma
771 3803 918 3869 omnibus
938 3802 979 3868 iis
994 3799 1072 3866 locis
1087 3800 1275 3884 tribuamus,
1299 3802 1362 3884 qui·

240 3898 300 3964 bus
314 3901 347 3964 in
363 3901 487 3966 Graeca
501 3902 612 3984 lingua
633 3902 717 3968 hanc
738 3901 865 3968 literam
887 3906 1047 3966 servatam
1063 3917 1134 3963 ease
1155 3904 1245 3963 certa
1267 3899 1362 3964 habe
1477 3937 1478 3968 l

240 4019 310 4064 mus
331 3999 460 4064 indicia.
498 4000 536 4065 In
556 4020 620 4082 qua
641 4020 676 4066 re
697 4019 811 4066 vereor
833 4018 874 4064 ne
897 4019 917 4064 a
938 4017 1014 4064 vero
1037 3995 1217 4080 paullulum
1240 3997 1362 4062 aberre-
