2916 4872
269 373 330 434 106
477 441 480 452 ι
739 375 872 435 Bauneck

265 560 360 639 patus
382 559 440 618 est.
484 551 523 616 In
546 553 641 616 inser.
664 554 725 617 243
748 554 907 620 vocabula
928 558 988 618 τοῦ
1011 549 1148 636 πρώτου
1171 553 1297 620 adiecta
1316 571 1371 618 esse

265 659 442 718 memoratu
465 658 513 717 est
535 653 678 735 dignum.
1072 705 1075 710 .

349 749 443 829 Quod
466 751 595 832 quidem
618 771 735 817 nomen
759 752 835 816 Ern.
859 750 966 817 Curtio
989 770 1048 833 pro
1071 749 1281 834 Βοιτρόπιος
1305 749 1370 814 falso

264 848 415 915 traditum
432 855 481 914 est
502 849 605 915 visum
621 850 754 926 (Anccd.
770 871 802 934 p.
819 854 859 915 30
875 856 907 914 et
922 853 985 929 90),
1009 856 1043 913 ut
1058 849 1188 931 mensis,
1212 869 1272 932 quo
1292 849 1371 912 boves
1446 861 1447 922 1

265 945 349 1012 inter
370 946 527 1012 arandum
549 952 748 1031 τρέπονται,
774 947 987 1014 denotaretur.
1019 945 1075 1023 ,O.
1095 947 1131 1011 F.
1154 947 1369 1025 Hermaunus“,
1446 937 1447 986 t

265 1045 312 1111 ait
333 1043 516 1111 Dindorfius
542 1044 574 1109 in
604 1046 803 1112 thesauros.
827 1046 858 1111 h.
881 1066 923 1124 1.,
954 1045 1009 1122 ,in
1033 1051 1201 1112 comment.
1226 1046 1266 1111 de
1287 1063 1369 1109 mens.
1446 1035 1447 1046 ’

263 1162 310 1226 gr.
331 1164 363 1227 p.
389 1146 429 1207 73
452 1139 671 1225 Ποττρόπιος
693 1145 829 1210 10111111
857 1144 878 1208 1.
902 1163 929 1209 1.
951 1139 1188 1227 προστρόπιος
1211 1143 1370 1227 ,supplica
1446 1219 1447 1248 1

263 1242 398 1307 torius“:
422 1260 557 1323 proquo
579 1260 643 1306 non
668 1261 763 1324 posse
785 1241 847 1307 dici
870 1237 1109 1326 ποιτρόπιος.“
1142 1242 1227 1307 Nam
1249 1239 1327 1322 quod
1344 1239 1369 1304 in

262 1340 369 1422 Etym.
385 1338 493 1420 Magn.
507 1338 597 1422 (vide
612 1345 721 1424 supra)
736 1341 890 1420 tradatur,
912 1358 976 1404 nou
991 1359 1087 1422 posse
1101 1360 1159 1423 pro
1175 1359 1251 1406 vero
1266 1335 1368 1402 haberi.

263 1437 382 1502 Nititur
409 1443 516 1502 autem
539 1439 719 1503 coniectura
744 1439 804 1504 illa
827 1437 1002 1504 Hermanni
1025 1437 1089 1503 alio
1112 1437 1205 1503 titulo
1229 1435 1367 1518 delphico,

263 1533 317 1617 qui
340 1554 381 1599 ex
396 1534 572 1602 Chandleri
594 1536 688 1602 iuscr.
704 1536 857 1620 repetitus
873 1542 922 1602 est
936 1556 957 1601 a
972 1535 1137 1601 Boeckhio
1159 1536 1223 1600 vol.
1240 1534 1256 1598 I
1276 1555 1306 1617 p.
1320 1533 1367 1596 831

261 1630 367 1718 μηνὸς
380 1625 639 1717 Άποττροπίου,
662 1635 751 1700 11111
767 1633 865 1700 valde
880 1633 1002 1699 incerta
1016 1633 1172 1717 scriptura
1188 1637 1267 1699 cst.“
1298 1630 1368 1694 Veri·

263 1730 459 1796 simillimum
491 1737 540 1797 est
569 1732 629 1797 hac
657 1732 691 1797 in
715 1731 922 1814 inscriptione
943 1738 999 1796 aut
1020 1738 1144 1796 tantum
1167 1728 1273 1816 μηνὸς
1293 1732 1367 1792 Hor·
1445 1735 1446 1818 j

261 1831 404 1911 rpentes
438 1852 460 1891 α
493 1829 610 1896 omisso
649 1829 822 1913 legendum
858 1835 915 1893 aut
946 1829 1036 1894 illam
1070 1829 1259 1912 scripturam
1289 1827 1367 1909 plane
1445 1825 1446 1856 ³

262 1925 496 2007 neglegendam
532 1946 621 2006 esse,
659 1927 845 2010 praesertim
883 1946 954 1992 cum
991 1928 1127 1993 alterum
1164 1925 1367 2008 apographum

162 2105 169 2118 .
261 2025 744 2110 ΜΗΝΟΣΙΡΒΟΙΤΡΟΒΙΟ
771 2025 941 2109 praebeat,
972 2045 1055 2108 quae
1083 2025 1184 2090 verba
1212 2023 1311 2105 magis
1334 2017 1367 2083 ad
1443 2075 1444 2114 3

261 2117 367 2204 μηνὸς
381 2123 606 2203 Ποιτροφιίου,
629 2122 798 2190 formulam
820 2122 910 2188 illam
933 2122 1030 2188 valde
1053 2121 1215 2202 usitatam,
1238 2121 1367 2204 spectant
1443 2121 1444 2194 j

261 2236 356 2299 quam
392 2216 436 2282 ad
472 2217 578 2303 μηνὸς
612 2215 841 2303 Ἀποτροπίου
876 2223 945 2302 (pro
980 2212 1265 2303 Ἀποτροπαίου),
1297 2212 1367 2298 quod

260 2314 445 2380 Boeekhius
466 2315 590 2380 mavult
611 2316 787 2384 restituere.

346 2414 428 2477 Tum
457 2413 491 2478 in
513 2413 682 2500 Locrensis
711 2415 840 2482 dialecti
870 2414 1069 2482 documentis
1090 2415 1191 2480 semel
1218 2417 1278 2478 not
1303 2415 1365 2476 ante

259 2512 428 2578 articulum
456 2513 529 2588 (1111
551 2510 622 2590 τὸν)
650 2514 815 2596 reperitur,
845 2515 945 2597 quod,
974 2534 1046 2581 cum
1075 2513 1109 2578 in
1135 2511 1208 2578 aliis
1230 2509 1304 2577 locis
1327 2502 1364 2572 11

258 2611 396 2693 legatur,
425 2609 582 2692 Allenius‚
606 2610 697 2676 Stud.
719 2612 780 2693 III,
805 2617 864 2676 271
890 2611 1083 2697 comparatis
1105 2610 1214 2676 verbis
1236 2604 1364 2680 111111

260 2727 342 2791 quae
363 2707 447 2773 alius
468 2707 579 2774 titulus
601 2708 743 2792 exhibet,
767 2711 800 2776 in
823 2709 948 2776 νεοττόν
971 2717 1094 2775 mutare
1116 2707 1239 2773 maluit.

345 2804 493 2872 Eundem
507 2806 541 2870 in
556 2806 686 2871 modum
704 2808 883 2874 boeotieum
899 2827 1017 2874 nomen
1038 2806 1201 2891 proprium
1216 2803 1364 2876 Ποίδικος

258 2902 428 2981 (1111111.
455 2907 551 2985 1574,
578 2908 628 2979 13)
657 2925 699 2971 ex
726 2905 828 2970 forma
856 2910 918 2970 ποί
946 2913 978 2971 11
1007 2903 1082 2991 δίκη
1112 2904 1280 2968 formatum
1307 2916 1365 2966 esse

257 3000 386 3066 videtur
401 3001 468 3079 (cfr.
486 2996 615 3086 Άμφί·,
631 2998 712 3081 ''Ev-,
728 2999 811 3080 Ἔκ-,
825 2998 925 3081 ’Erri-,
941 2999 1045 3085 Πρό-,
1057 2998 1259 3079 Ὑπόόικος).
1285 3001 1365 3066 Beer-

258 3119 367 3178 mann,
389 3095 481 3162 Stud.
504 3097 562 3179 IX,
586 3102 637 3164 75.

344 3196 507 3261 Postremo
536 3196 709 3262 ionicorum
739 3197 981 3280 inscriptionum
1011 3216 1128 3263 nomen
1158 3232 1200 3242 -
1229 3191 1370 3276 8111111,

258 3297 339 3375 273,
369 3295 409 3356 33
443 3329 484 3339 -
519 3298 669 3382 flet-nvp
701 3300 839 3360 Ποίκεω
879 3295 996 3360 collato
1029 3292 1187 3386 Πρό-κης
1219 3291 1363 3379 Hoc-seu

258 3391 360 3471 (Stud.
384 3390 455 3470 VII,
480 3392 552 3473 268,
576 3399 607 3468 4)
635 3412 706 3460 eam
728 3394 861 3459 formam
884 3393 1114 3476 complectitur.

342 3489 457 3556 Utrum
473 3512 506 3554 οι
521 3489 555 3554 in
578 3490 638 3556 hac
653 3491 754 3556 forma
769 3491 850 3557 duas
866 3489 982 3558 efficiat
996 3490 1142 3574 syllabas
1164 3512 1206 3556 an
1228 3490 1261 3554 iu
1282 3503 1364 3552 unam
1440 3489 1443 3570 J

257 3589 412 3656 coaluerit
442 3624 483 3634 -
511 3586 696 3655 Dindorfius
718 3590 804 3655 enim
827 3595 859 3655 11
882 3591 958 3655 Eru.
982 3587 1108 3655 Curtius
1136 3608 1262 3673 semper
1281 3599 1364 3666 supra

256 3687 324 3753 iota
345 3688 528 3754 diaereseos
556 3687 682 3770 signum
710 3693 950 3770 posuerunt-
972 3707 1012 3752 ex
1035 3686 1098 3770 eis,
1129 3707 1212 3770 quae
1233 3685 1311 3751 inira
1329 3679 1363 3744 de

257 3785 380 3867 origiue
402 3804 611 3868 exponemus,
634 3784 812 3869 apparebit.

342 3883 538 3964 Formarum,
554 3902 634 3965 quas
649 3880 916 3963 enumeravimus,
933 3901 998 3965 eae,
1014 3901 1098 3966 quae
1111 3884 1225 3948 sonum
1240 3906 1257 3965 ρ
1272 3885 1361 3943 11111-

257 3977 348 4060 11111,
370 3997 440 4044 cum
455 3981 612 4047 sanserita
632 3983 723 4065 proti
741 3980 844 4046 forma
861 3999 990 4063 eaeque,
1013 4000 1096 4063 quae
1110 3999 1148 4048 eo
1164 3984 1279 4060 carent,
1299 3991 1360 4040 cum
