2968 4866
400 433 578 501 Quaestiones
597 433 817 504 dialectologieee
833 450 955 504 graecae.
1192 437 1253 502 305

208 606 310 671 Reate
331 623 408 671 vero
431 613 543 671 eontra
566 595 634 671 hoe¹
647 606 770 672 monuit
791 608 959 674 Meisterus
980 608 1078 688 (stud.
1102 610 1147 676 IV
1162 614 1252 691 380):

122 700 210 780 „Sed
233 700 268 766 in
288 701 371 790 καλη
394 703 496 770 torma
518 703 688 770 statuenda
710 709 804 788 errat,
828 724 911 787 quae
932 705 1049 791 potins,
1071 713 1107 773 ut
1130 727 1170 775 ex
1186 725 1254 776 κα-

121 800 221 876 λέσω,
246 796 392 866 ἐκάλεσα
407 799 553 885 apparet,
576 801 656 867 καλε
672 821 787 868 sonare
803 801 922 884 debuit,
943 821 984 870 ex
999 823 1063 886 qua
1077 805 1252 888 perfeetum

120 916 267 994 syncopa
290 903 392 963 ortnm
416 895 600 978 *κέκλεκα,
622 919 689 965 non
711 897 857 988 κέκληκα
880 900 1041 968 exstitisse
1062 911 1252 987 exspecten-

121 993 196 1060 dnm
222 999 302 1061 est.“
344 997 396 1062 ’Βε
418 995 590 1062 formarum
613 989 690 1062 uera
716 997 840 1080 origine
861 997 946 1064 inira
968 1015 1174 1082 exponemus.

206 1092 248 1157 II.
295 1091 417 1159 Eodem
452 1093 591 1178 denique
621 1095 759 1178 pertinet
791 1095 898 1163 aorist.
929 1096 962 1161 II
998 1116 1083 1180 pass.
1116 1118 1250 1181 graecus

119 1186 260 1278 ἐφάνην,
284 1187 420 1277 stenen,
444 1189 606 1279 ἐγράφην,
629 1191 656 1257 si
679 1191 807 1275 quidem
831 1199 917 1260 reete
935 1192 1062 1260 Curtius
1083 1216 1186 1279 nuper
1208 1195 1250 1264 de

118 1287 188 1354 eius
211 1295 328 1355 natura
350 1296 382 1356 et
404 1289 527 1373 origine
548 1288 711 1356 iudicavit.

57 1460 61 1465 ,
204 1386 268 1453 Ille
298 1386 383 1453 enim
413 1387 513 1464 (verb.
542 1387 576 1453 ΙΙ
600 1389 662 1452 325
679 1391 759 1471 seq.)
786 1386 983 1454 Sohleioheri
1011 1391 1145 1474 (οοιῐιρ.3
1174 1395 1248 1470 812)

117 1483 303 1568 exemplum
319 1491 446 1551 seeutus
461 1483 591 1568 egregia
607 1484 824 1567 disputatione
837 1485 923 1551 faeta
944 1487 1140 1569 persuadere
1154 1490 1249 1557 nobis

116 1587 252 1648 conatus
275 1586 339 1648 est:
377 1581 452 1660 „die
472 1578 649 1648 leiohteren
670 1582 922 1650 Passivsttmme
944 1583 1033 1650 seien
1064 1585 1170 1653 niehts
1192 1606 1249 1653 an-

118 1677 211 1745 deres
240 1680 290 1746 als
318 1677 460 1746 aeolisoh
490 1679 623 1745 fleotirte
656 1678 755 1764 (luroh
785 1680 910 1747 E·Laut
940 1681 1052 1745 weiter
1083 1681 1247 1765 gebildete

116 1775 261 1842 Stemma
269 1780 293 1841 ⁸.
764 1831 766 1836 .

93 1881 97 1888 '
202 1874 310 1956 Atque
338 1892 398 1957 ego
420 1872 572 1939 eonfiteor
593 1873 675 1938 hane
697 1873 906 1954 sententiam,
936 1873 1061 1940 etiamsi
1083 1873 1125 1939 de
1150 1875 1248 1958 signi·

114 1969 274 2042 fioationis
296 1990 338 2037 ex
357 1971 528 2038 transitiva
542 1970 585 2037 ad
600 1969 837 2036 intransitivam
859 1970 1046 2055 (passivam)
1069 1971 1246 2042 mutatione

114 2068 224 2150 aliquo
247 2069 343 2134 modo
367 2069 505 2134 dubitari
529 2068 639 2151 possit,
663 2068 763 2134 multo
785 2068 889 2150 magis
911 2067 1055 2135 arridere
1077 2069 1155 2135 mihi
1176 2071 1245 2152 illa,

114 2183 180 2247 qna
210 2164 372 2247 quondam
402 2185 469 2231 aor.
497 2164 554 2231 ille
582 2165 616 2230 II
645 2183 716 2231 eum
746 2162 856 2231 radios
876 2164 918 2249 ja
949 2167 1143 2251 compositus
1173 2187 1245 2236 esse

112 2262 291 2345 putabatur
311 2263 361 2340 (ei.
385 2262 513 2329 Curtius
534 2268 670 2346 tempor.
694 2269 727 2329 et
748 2261 834 2328 mod.
857 2282 888 2345 p.
912 2266 996 2336 330).

199 2359 268 2424 Iam
296 2380 373 2428 vero
402 2360 496 2426 huius
519 2379 645 2444 quoque
672 2359 783 2426 aoristi
808 2360 930 2426 formae
952 2360 1099 2444 singulae
1121 2362 1155 2428 in
1178 2362 1245 2430 dia·

112 2457 206 2523 leotis
234 2458 446 2542 reperiuntur,
477 2477 559 2541 qnae
587 2461 688 2541 opto
711 2482 731 2544 q
754 2457 936 2523 exhibent*
963 2458 1124 2543 Exempla
1152 2467 1242 2526 sunt:

112 2551 247 2635 ἕλαχίᾶ·
270 2553 385 2642 ἐάάρη.
408 2561 541 2644 Κρῆτες
556 2555 649 2639 Hes.;
666 2551 858 2620 άπεσσοάᾶ·
881 2549 1036 2642 άπεσσύη
1060 2555 1099 2621 oi.
1116 2556 1243 2624 Ahrens

111 2652 190 2718 dial.
215 2653 248 2718 II
273 2658 349 2736 1473
381 2649 506 2719 ἒνύπᾶν
527 2651 679 2719 Theoerit
700 2651 746 2716 IV
770 2653 826 2733 533
849 2650 990 2733 iduare,
1014 2651 1100 2735 quod
1121 2653 1243 2735 gravis-

110 2751 228 2816 simum
251 2757 301 2815 est
323 2773 330 2815 :
355 2745 595 2831 ἅποσταλᾶμεν
624 2749 664 2814 el.
688 2745 738 2813 01.
760 2766 835 2813 nov.
859 2750 900 2812 35
930 2753 950 2828 (z
966 2753 1095 2834 γραφέν
1124 2769 1155 2813 v·
1178 2753 1241 2830 31).
1352 2833 1357 2844 1

110 2846 198 2926 Quin
220 2847 316 2930 igitur
337 2846 380 2914 de
400 2847 514 2912 harum
537 2848 708 2913 formarum
723 2844 829 2911 vooali
852 2849 874 2909 ἃ
894 2845 1102 2912 iudicandum
1125 2845 1197 2912 est?

197 2945 304 3029 Atque
326 2963 387 3027 ego
408 2963 473 3009 non
497 2944 619 3026 dubito,
641 2942 727 3027 quin,
750 2943 778 3010 si
792 2942 827 3009 id
849 2949 985 3027 speotas,
1007 2943 1093 3035 qnod
1115 2943 1157 3009 de
1173 2963 1242 3022 ver,-

17 3081 22 3092 =
110 3043 225 3108 borum
246 3047 480 3108 eontreotorum
502 3041 674 3124 generibus
688 3041 772 3106 inter
786 3059 823 3108 se
839 3038 1007 3121 mutatis&
1026 3045 1063 3105 12
1087 3044 1153 3122 et§
1171 3047 1210 3108 14
1226 3043 1242 3108 Ι

110 3141 266 3206 monitum
290 3145 347 3224 est,
370 3139 404 3204 in
426 3138 492 3205 illis
514 3157 641 3222 quoque
662 3137 789 3205 aoristis
811 3137 903 3222 stirpi
925 3138 1049 3204 verbali
1069 3155 1135 3206 non
1151 3164 1166 3207 e
1182 3139 1242 3206 sed

110 3262 132 3302 α
160 3236 293 3304 affixum
328 3256 400 3303 esse
434 3235 625 3303 sumendum
656 3235 712 3317 sit,
748 3237 935 3319 praesertim
966 3256 1037 3301 eum
1066 3238 1111 3304 ne'
1139 3237 1241 3304 verba

109 3334 142 3400 in
165 3333 232 3400 -ὀω
256 3335 392 3419 ,quidem
421 3335 551 3399 omnino
580 3333 622 3398 ab
644 3332 754 3399 enuisti
783 3333 870 3399 illius
896 3333 929 3399 ΙΙ
952 3331 1139 3401 formatione
1167 3334 1241 3401 abs-

109 3432 274 3499 timuerint.

195 3530 234 3598 ef.
258 3529 354 3613 igitur
382 3525 512 3614 ἐφάνην
528 3551 535 3592 :
553 3550 638 3612 φανε
667 3527 750 3593 aeol.
780 3524 916 3612 eapti-qm
946 3521 1087 3590 ἓστάλᾶν
1105 3548 1112 3590 :
1130 3523 1238 3592 σταλα

284 3671 287 3680 -
379 3625 461 3691 aeol.
485 3622 605 3691 ἐκάκᾶν
625 3621 739 3708 (epten),
763 3619 881 3707 ἕκύκᾶ;
904 3619 1011 3688 ἑάλων
1028 3646 1036 3688 t
1052 3620 1131 3688 sato
1154 3624 1238 3691 aeel.

379 3719 499 3801 ἕσάων,
522 3719 622 3788 ἕσάω.

194 3822 309 3887 Restat
330 3818 444 3884 mirum
467 3819 547 3885 illud
560 3819 770 3887 'Cretensium
792 3816 916 3898 saepe.
961 3817 1067 3899 Atque
1088 3835 1160 3883 oum
1183 3835 1239 3884 ne·

108 3919 263 4000 sciamus,
294 3917 475 4003 Hesychius
504 3923 608 3982 utrum
631 3913 713 3982 illud
742 3937 783 3984 ex
811 3914 1041 3999 antiquissimis
1063 3934 1104 3980 an
1128 3933 1168 3981 ex
1190 3935 1238 3983 re

108 4016 303 4084 oentissimis
324 4014 478 4082 sontibusx
493 4015 659 4098 petiverit,
690 4033 749 4098 ego
779 4013 859 4080 duas
881 4011 1074 4080 enucleandi
1096 4012 1238 4081 rationes

158 4117 262 4159 Cosmus
275 4128 297 4158 u.
310 4117 438 4166 Bauannu.
457 4115 550 4158 Studien
564 4115 590 4156 X.
998 4115 1031 4165 20
