2986 4864
226 412 269 466 De
288 412 397 468 ablativi
414 412 442 466 in
460 412 595 467 veteribus
613 411 712 481 linguis
729 411 827 467 italicis
846 413 977 469 formast
995 429 1046 468 usu
1065 416 1153 470 locali.
1190 412 1250 473 abb

257 608 316 673 ΙΙΙ.
361 605 519 686 Lingua
540 604 683 670 latina.

212 722 252 789 ld
275 720 359 806 quod
383 740 480 804 supra
496 720 731 785 demonstrasse
745 720 839 784 nobis
856 721 1009 802 videmur,
1032 722 1154 786 latinae
1177 742 1251 805 quo·

127 841 188 904 que
217 820 349 902 linguae
377 839 436 883 usu
466 817 684 901 confirmatur3
720 819 779 886 etsi
808 819 892 884 enim
923 820 987 884 iam
1021 820 1251 902 antiquissimis

126 919 324 1002 temporibus
346 915 507 981 ablativus
537 916 665 980 loeativi
693 916 763 981 loco
792 909 962 999 usurpatus
983 917 1040 998 sit,
1070 925 1178 986 tamen
1201 917 1252 981 hio

126 1035 202 1081 usus
231 1015 289 1079 illo
312 1012 440 1096 quidem
469 1019 613 1094 tempore
641 1032 731 1078 rarus
754 1022 811 1080 est.
855 1015 1131 1080 Perscrutantibus
1159 1014 1251 1080 nohis

125 1115 249 1196 aliquot
272 1111 376 1176 Plauti
407 1118 438 1175 et
460 1111 590 1176 Terenti
620 1110 746 1178 tabulas
775 1112 836 1176 hoc
858 1112 936 1176 miro
963 1112 1029 1178 iere
1052 1113 1146 1178 modo
1169 1133 1253 1178 oom-

125 1213 290 1295 probatur.
336 1209 374 1273 ln
396 1207 502 1272 Plauti
525 1209 711 1273 Trinummo
741 1210 841 1275 semel
864 1216 988 1274 tantum
1010 1210 1171 1276 ablativus
1195 1230 1250 1292 pro

125 1307 267 1374 locativo
290 1307 412 1390 positus
436 1313 500 1372 est:
527 1327 557 1371 v.
581 1309 643 1371 484
666 1306 776 1384 „Cena
798 1307 858 1371 hae
881 1314 1041 1372 annonast
1062 1307 1134 1373 siue
1153 1307 1252 1373 saeris

125 1405 329 1486 hereditas“;
373 1424 447 1468 nam
479 1404 612 1469 verbum
645 1425 722 1466 rure
758 1408 816 1469 166
853 1405 938 1488 quod
975 1405 1100 1472 oodiees
1133 1405 1254 1471 habent

125 1502 281 1582 (Noniust
318 1503 400 1576 carol
430 1501 550 1566 nullius
580 1505 629 1568 est
657 1502 819 1566 momenti.
864 1503 903 1568 In
925 1502 1125 1569 Mostellaria
1146 1510 1252 1568 autem

126 1601 238 1666 iabula
261 1599 354 1663 huius
377 1598 509 1664 ablativi
532 1599 656 1664 nullum
686 1600 868 1682 exemplum
891 1605 1013 1678 exstat,
1045 1599 1120 1681 quia
1142 1619 1253 1664 versus

129 1701 229 1764 1063:
258 1695 351 1779 ficis
373 1697 553 1780 concrepuit
577 1716 739 1779 procoma
761 1697 875 1758 vicinio
903 1696 1015 1762 eodem
1038 1695 1133 1760 modo
1156 1695 1253 1761 inter·

126 1794 306 1881 pretendus
336 1803 384 1861 est
413 1815 475 1878 quo
505 1793 570 1858 Mil.
598 1796 676 1858 1377
715 1792 787 1856 br'cc
808 1795 941 1856 sonitum
972 1792 1119 1874 fecerant
1142 1792 1251 1876 soree.

127 1896 165 1960 ln
189 1899 326 1974 utraque
348 1899 453 1957 autem
476 1891 587 1957 fabula
609 1890 733 1956 circiter
755 1891 886 1974 triginta
907 1890 1043 1956 ablativi
1066 1909 1137 1954 curn
1163 1909 1254 1973 prae·

126 1992 289 2077 positione
311 1989 470 2055 coniuncti
492 1995 566 2054 sunt
581 2007 620 2053 oa
642 1995 809 2071 potestate,
833 1989 875 2054 de
890 2009 953 2072 qua
967 1987 1081 2070 agitur,
1105 1987 1253 2070 praediti.

126 2092 164 2156 In
187 2087 322 2154 Terenti
344 2086 470 2152 fabulas
495 2086 581 2152 idem
605 2085 700 2150 cadit.
891 2165 894 2170 ,

213 2188 360 2251 'I'ranseo
383 2184 426 2248 ad
447 2184 579 2249 locativi
601 2183 738 2249 similem
760 2203 852 2249 usum
875 2184 1007 2251 ablativi
1030 2188 1119 2253 nudi.

203 2312 235 2384 a)
258 2304 313 2369 ubi
328 2302 456 2368 habet?
484 2303 563 2368 urbe
585 2301 729 2385 agroue?
763 2303 877 2369 Accius
900 2308 971 2370 537,

258 2420 373 2466 novem
398 2401 519 2466 hiemes
541 2420 620 2465 saxo
643 2406 761 2466 stratus
783 2402 910 2484 pertuli.
935 2406 1006 2466 557.

215 2568 219 2575 ,
258 2499 484 2563 conclamitare
506 2503 573 2561 tota
595 2497 684 2562 urbe.
719 2497 767 2578 ΡΙ.
790 2499 885 2564 Mero.
910 2503 960 2563 57.
1060 2503 1063 2510 '

259 2596 348 2662 suon'
371 2595 505 2678 quicque
527 2596 597 2659 loeo
621 2599 677 2660 est.
712 2595 804 2660 Most.
828 2598 898 2659 254.

227 2693 228 2696 ’
258 2695 364 2777 capite
387 2692 545 2758 sistebant
566 2690 648 2757 cadi.
684 2692 751 2756 Mil.
775 2693 847 2758 851.

259 2800 349 2856 utero
372 2791 485 2855 haeret
506 2808 587 2854 meo.
618 2789 806 2870 susurro,
830 2787 868 2853 ci.
884 2788 1032 2855 adhaesit
1047 2789 1090 2857 ad
1113 2790 1254 2860 infimum

125 2898 284 2958 ventrem.
308 2893 380 2953 236.
779 2961 782 2966 ,

259 3006 323 3069 qua
345 2985 400 3049 via
421 2992 453 3051 te
475 2991 604 3066 captent
633 2983 746 3050 eadem
769 2984 856 3067 ipsos
884 2987 965 3068 cepi.
1006 2987 1078 3052 Ter.
1102 2986 1179 3052 Heo.
1203 2991 1254 3052 73.

260 3082 435 3149 Dardaniis
458 3081 589 3166 eampis.
624 3082 747 3146 Ennius
769 3101 844 3148 ann.
868 3085 940 3150 359.

261 3180 367 3266 plenis
390 3180 510 3245 semitis
532 3179 586 3262 qui
609 3179 780 3244 advorsum
804 3186 889 3246 eunt.
922 3181 969 3245 ΡΙ.
993 3183 1088 3248 Mero.
1117 3187 1183 3246 114.

201 3350 205 3354 ,
262 3297 372 3345 omnes
394 3276 548 3342 festinant
575 3277 660 3343 intus
689 3279 764 3341 totis
786 3277 930 3343 aedibus.
965 3278 1069 3343 Oasin.
1092 3279 1147 3360 IV,
1176 3285 1201 3359 1,
1226 3285 1255 3346 5.

218 3397 247 3474 b)
285 3396 363 3463 Cum
392 3395 526 3460 ablativi
560 3415 631 3459 oum
667 3393 958 3477 praepositionibus
987 3395 1146 3460 coniuncti
1181 3416 1256 3462 usus

128 3498 233 3564 multo
256 3495 451 3577 frequentior
472 3494 513 3558 sit
534 3499 629 3573 atque
652 3509 709 3574 per
731 3495 830 3555 totam
854 3491 1047 3558 latinitatem
1069 3493 1255 3576 reperiatur,

129 3613 237 3681 pauca
259 3590 354 3656 modo
378 3591 527 3672 exempla
549 3588 730 3655 adieram.-

263 3715 337 3775 sunt
359 3710 392 3773 in
414 3709 512 3775 bello.
546 3710 629 3773 Eun.
653 3715 691 3773 tr.
715 3709 775 3771 379
799 3706 850 3784 (oi.
875 3704 961 3771 domi
983 3705 1146 3788 duellique
1169 3707 1257 3775 duel·
1301 3699 1305 3712 “

130 3812 252 3876 latores
275 3807 407 3890 optumi.
441 3807 488 3871 Pl.
513 3804 603 3889 Gapt.
627 3807 689 3881 68).

263 3912 296 3971 te
309 3905 343 3970 in
357 3909 443 3969 terra
454 3902 571 3968 vivere.
588 3903 654 3966 Mil.
664 3905 714 3966 56.
738 3907 849 3977 (strata
863 3906 967 3965 terrae
983 3901 1093 3975 lavere
1107 3900 1257 3968 lacrumis

131 4011 267 4071 vestem.
302 4004 384 4067 Eun.
408 4021 482 4065 ann.
500 4001 570 4064 370.
599 4008 704 4065 terrae
726 3997 833 4062 odium
855 3997 1008 4062 ambulat.
1039 3998 1155 4064 Baooh.
1172 4001 1257 4074 820.)
