2916 4872
240 403 281 464 96
740 411 872 469 Baunack

239 581 516 747 ¹⁹⁷li⁶i⁰lssrdi¹1
544 601 668 670 papyro
690 584 881 668 aegyptiaco
910 585 952 651 ab
976 587 1053 652 Ern.
1077 584 1164 652 Gurt.
1187 587 1221 653 in
1244 587 1360 654 Anecd.

314 691 355 767 p.
380 686 418 749 87
443 702 460 750 e
485 684 547 748 ito:

240 800 299 870 ἐπὶ
321 801 477 888 depictam
505 797 653 876 τέκνοις,
685 800 786 866 icrma
814 799 974 888 dspicatr,
1004 823 1100 885 quam
1129 795 1359 888 exspectamus,
1450 799 1453 870 l

238 891 309 967 sine
331 899 428 966 dubio
451 895 626 966 secundum
654 897 829 965 femininae
856 898 977 966 formae
999 893 1158 986 θὴλείαις
1180 901 1360 986 analogiam

238 998 472 1083 diphthongum
495 1019 526 1062 ει
549 995 682 1079 accepit.
1451 1003 1452 1011 ¹

321 1097 434 1164 Restat
464 1102 500 1159 ut
533 1111 776 1160 commemorem
813 1112 853 1160 ec
888 1095 1036 1183 exempla
1068 1095 1235 1178 colligenti
1268 1103 1359 1180 atqua

236 1192 271 1257 in
304 1211 403 1258 unum
432 1198 637 1276 conspectum
673 1189 858 1272 congerenti
893 1193 927 1257 id
959 1191 1037 1258 mihi
1073 1193 1235 1260 maximae
1269 1214 1360 1262 curae

232 1289 349 1371 luisse,
372 1296 523 1372 utquam
546 1291 611 1356 late
634 1289 790 1356 eiusmodi
811 1288 932 1355 formas
954 1297 1116 1374 paterent,
1148 1291 1358 1360 ostenderem.
1449 1303 1451 1376 j

236 1386 342 1452 Etiam
364 1387 408 1470 id,
431 1387 517 1471 quod
540 1406 598 1454 eac
620 1386 741 1452 iormac
755 1385 819 1451 iam
841 1387 919 1453 satis
934 1388 1074 1472 antiquit
1096 1389 1295 1475 temporibus
1316 1395 1359 1459 ln·

235 1483 417 1568 veniuntur,
439 1492 525 1552 certe
541 1482 760 1568 dignissimum
776 1491 825 1551 cst
844 1484 930 1568 quod
952 1494 1141 1570 spectemus,
1165 1507 1262 1571 quam
1283 1509 1357 1573 rem,
1449 1523 1451 1588 ι

236 1589 269 1648 ut
291 1603 363 1650 mea
386 1582 556 1667 explicatio
579 1581 777 1666 probabilior
798 1579 862 1666 fiat,
886 1581 1010 1650 eiticere
1032 1590 1119 1668 puto.
1450 1603 1451 1610 ¹

234 1904 323 1970 VIII.
360 1906 416 1971 De
438 1903 653 1972 nonnullis
674 1905 790 1971 verbi
812 1898 902 1986 εἶμι
923 1904 1161 1990 indicativi,
1184 1907 1355 1992 impera·

233 2003 325 2084 tivi,
349 2003 586 2087 imperfecti
608 2002 767 2082 formis,
790 2022 893 2086 quae
915 2003 1230 2087 coniugatiouis
1252 2007 1352 2074 in-o
1448 2063 1449 2066 ,

511 2099 873 2167 terminationibus
896 2105 1077 2168 utuntur.

318 2235 397 2301 (lum
427 2236 544 2303 radicis
565 2237 579 2298 i
597 2238 819 2302 coniunctivus
848 2241 879 2302 ct
908 2237 1071 2320 optativus
1099 2239 1351 2324 coniugationem

231 2335 266 2400 in
293 2358 338 2398 -ω
368 2340 541 2417 sequantur
572 2339 669 2416 atque
701 2331 860 2418 participii
889 2353 1014 2424 quoque
1037 2334 1149 2402 ‘forma
1180 2339 1350 2406 secundum
1453 2334 1454 2338 ’

232 2431 400 2499 verborum
422 2432 456 2496 in
471 2455 515 2495 -ω
531 2431 714 2514 analogiam
736 2429 883 2512 fingatur,
907 2432 1005 2496 etiarn
1023 2433 1106 2500 alias
1127 2433 1247 2502 formas
1269 2438 1352 2504 velut
1453 2453 1454 2456 ’

230 2528 406 2611 indicativi,
429 2528 621 2613 imperativi,
644 2527 820 2612 imperfecti
837 2527 979 2595 ciusdem
995 2530 1229 2612 coniugationis
1252 2537 1351 2600 termi-

230 2628 379 2694 nationes
407 2627 561 2693 ascivisse
589 2625 762 2691 admodum
791 2632 840 2691 est
868 2626 1022 2692 credibile
1050 2635 1083 2692 et
1111 2635 1218 2712 potest
1243 2651 1349 2718 exspe·
1448 2648 1454 2712 ι

229 2726 320 2792 ctari.
364 2727 405 2792 Iit
427 2725 568 2808 proiecto
591 2722 770 2808 Hesychius
792 2723 826 2788 in
853 2723 957 2789 lexico
978 2723 1157 2806 glossarum
1180 2729 1268 2796 haud
1290 2733 1350 2798 exi·
1448 2719 1449 2733 ¹

229 2843 326 2906 guum
348 2841 515 2888 numerum
536 2820 653 2900 attulit,
677 2839 759 2902 quae
781 2839 974 2904 quamquam
989 2842 1010 2886 a
1024 2821 1105 2888 viris,
1123 2822 1226 2893 doctis
1248 2827 1347 2894 adhuc

229 2919 295 2987 iere
317 2939 429 2985 omnes
450 2920 483 2984 in
511 2918 726 3012 suspicionem
749 2923 882 2984 vocatae
907 2925 995 3000 sunt,
1026 2926 1134 2986 tamen
1156 2931 1290 2992 cunctae
1311 2945 1346 2992 cr
1453 2951 1454 2976 ι

102 3099 104 3102 v
229 3036 294 3081 una
317 3015 494 3099 eademque
509 3015 632 3081 ratione
647 3013 869 3082 consideratae
882 3022 979 3098 atque
1000 3016 1160 3084 iudicatae
1175 3040 1240 3110 uno
1262 3022 1346 3106 quasi

230 3113 342 3212 obtutu
364 3113 603 3196 intelleguntur.
642 3111 739 3178 Cuius
760 3113 888 3195 gcncris
909 3113 1039 3196 glossae
1061 3111 1123 3182 hae
1144 3115 1307 3200 leguntur:

318 3214 346 3288 1)
377 3208 462 3275 ε’ίω·
486 3206 738 3294 πορεύομαι.

313 3306 511 3374 indicativus
533 3304 733 3391 πορεύομαι,
757 3327 851 3389 qucm
873 3307 975 3374 codex
998 3308 1138 3391 exhibet,
1162 3311 1204 3375 ab
1227 3312 1343 3380 Abren-

228 3404 275 3471 sio
290 3405 332 3488 II,
349 3409 410 3471 340
425 3405 459 3471 in
474 3404 709 3470 coniunctivum
723 3411 862 3471 mutatus
878 3411 935 3487 est,
951 3405 1129 3473 Schmidtio
1143 3407 1178 3472 in
1193 3427 1343 3476 commen·
1453 3435 1454 3442 ¹

227 3501 308 3568 tario
323 3503 562 3587 comprobante.
603 3503 668 3569 Sed
684 3503 739 3569 alii
756 3522 881 3586 quoque
902 3504 1102 3586 grammatici
1122 3523 1187 3570 uno
1210 3526 1264 3574 ore
1284 3527 1341 3572 mo·

228 3598 303 3665 dum
324 3607 482 3668 testantur
503 3599 722 3668 indicativum.
760 3601 812 3666 Ita
833 3599 990 3668 (ihoeroh.
1011 3601 1045 3666 in
1067 3599 1191 3669 Theod.
1211 3607 1282 3686 584,
1304 3607 1335 3669 31
1453 3621 1454 3682 ι

227 3698 343 3782 (Etym.
358 3699 442 3782 Mag.
463 3701 532 3782 121,
549 3703 602 3777 30)
626 3696 696 3778 ε’ίω,
717 3699 831 3782 inquit,
855 3703 1013 3785 σημαίνει
1036 3697 1073 3765 δὲ
1096 3697 1133 3764 τὸ
1157 3697 1338 3785 πορεύομαι

227 3789 273 3872 ὥς
295 3794 389 3881 παρὰ
411 3793 579 3882 Σώφρονι.
623 3796 708 3862 Dein
732 3795 766 3861 in
788 3797 894 3880 Etym.
918 3797 1001 3880 Mag.
1024 3801 1097 3878 424,
1120 3799 1161 3862 23
1185 3805 1250 3864 est:
1285 3795 1336 3862 ai'w
1453 3797 1454 3859 l

224 3890 262 3956 cr*
291 3891 481 3977 πορεύομαι
510 3893 567 3960 διὰ
590 3892 782 3981 ὂιφθόμγοο
806 3889 852 3971 o‘ig
874 3916 961 3980 φησι
983 3889 1134 3980 Σώφρων
1161 3892 1197 3961 ἐν
1222 3899 1338 3961 Θυννο-

226 3985 330 4076 θήρᾳ.
374 3991 443 4058 Nec
464 3990 569 4059 minus
590 3992 624 4057 in
648 3993 731 4058 Ann.
755 3990 836 4060 Oxx.
859 3993 886 4074 i,
909 3995 981 4074 211,
1004 3995 1044 4056 22
1070 3992 1157 4058 idem
1180 3998 1228 4059 est
1248 3989 1334 4058 tradi·
1449 4069 1450 4074 ρ
