2986 4864
238 436 300 500 372
754 433 846 503 Spiess

237 611 396 697 postulat,
429 608 539 691 Bergk
572 605 683 672 merito
714 604 863 671 Doricam
893 581 1004 670 vocem
1038 601 1178 668 restituit
1210 606 1264 679 τίς
1292 625 1362 667 καν

238 705 477 788 (Schneidewin
499 709 552 782 τίς
576 700 610 769 d'
635 699 705 787 ἄν);
734 703 771 768 ir.
794 705 835 766 49
859 695 905 778 ὥς
928 693 974 764 ἂν
997 693 1026 779 ὃ,
1053 698 1108 765 ubi
1130 698 1229 766 facile
1251 699 1363 783 aliquis

239 802 285 882 ὥς
308 827 369 870 aar
392 797 410 868 ὃ
435 802 594 886 conjicere
617 807 730 885 potest.

702 1004 906 1014 ...4—

639 1154 764 1230 Carnu
790 1143 963 1228 rasurum,

193 1375 194 1378 ¹
240 1346 333 1426 §18-
378 1346 434 1409 De
455 1343 686 1408 Laconicae
717 1339 889 1405 dialecti
918 1339 958 1403 in
981 1337 1235 1433 Alcmanicis
1265 1337 1368 1420 trag·

633 1438 782 1504 mentis
805 1436 977 1502 ratione.

326 1563 471 1639 Excussa
493 1573 587 1658 copia
608 1571 790 1652 formarum,
813 1591 893 1655 quas
908 1570 1073 1636 Alcmanis
1095 1569 1280 1652 fragmenta
1301 1561 1369 1652 sup-

179 1748 183 1756 ,
241 1670 403 1756 peditent,
437 1679 469 1737 et
501 1690 573 1737 cum
602 1670 763 1736 Laconica
794 1670 933 1734 dialecto
965 1667 1141 1733 vetustiore
1173 1673 1368 1749 comparata,

237 1767 381 1862 vidimus
404 1789 515 1836 omncs
544 1769 652 1852 leges,
683 1767 797 1850 quibus
825 1766 913 1831 illam
935 1786 956 1830 a
978 1764 1138 1831 communi
1167 1762 1300 1830 differre
1321 1765 1369 1830 vel

242 1873 327 1932 certo
350 1867 467 1933 scimus
490 1867 542 1931 vel
564 1866 739 1931 verisimile
761 1865 934 1942 habemus,
965 1861 1052 1945 apud
1074 1869 1220 1927 nostrum
1244 1868 1369 1945 poetam

241 1961 390 2035 inveniri.
436 1962 538 2030 Certis
560 1961 751 2045 quibusdam
770 1961 928 2044 exemplis
950 1959 1244 2025 demonstravimus
1266 1960 1302 2024 in
1323 1959 1369 2024 his

126 2135 130 2152 Ι
242 2061 437 2127 carminibus
469 2060 611 2126 valuisse
640 2058 832 2125 Laconicum
864 2058 1026 2123 vocalium
1060 2063 1092 2122 et
1118 2057 1370 2123 consonantium

241 2176 334 2223 usum
357 2177 378 2223 1
399 2158 526 2240 vulgari
550 2157 675 2222 ratione
698 2154 874 2221 diversum:
898 2179 919 2218 α
942 2174 999 2240 pro
1019 2177 1045 2231 a,
1070 2177 1107 2218 αι
1128 2173 1187 2236 pro
1204 2177 1246 2231 ει,
1272 2178 1295 2218 α
1317 2174 1370 2237 pro

242 2276 274 2338 η,
296 2278 318 2317 α
340 2275 398 2338 pro
414 2278 441 2318 ω
457 2259 522 2332 (co,
546 2259 609 2329 αω)
632 2254 670 2319 cf.
693 2256 766 2336 §63
789 2272 890 2339 ppro
906 2277 927 2316 α
947 2259 1010 2330 (αε,
1033 2254 1101 2337 αη),
1124 2275 1144 2336 ῃ
1167 2270 1225 2334 pro
1243 2275 1265 2336 ᾳ
1284 2255 1371 2332 (αει),
1482 2311 1483 2316 ,

239 2373 262 2440 ¹p
285 2370 344 2432 pro
367 2374 399 2416 ει
429 2350 629 2434 diphthongo
655 2349 837 2416 adulterina
858 2349 898 2415 ci.
922 2351 941 2430 ἓ
964 2353 1001 2432 7;
1032 2372 1058 2412 ω
1085 2368 1143 2431 pro
1166 2371 1205 2411 ov
1228 2348 1270 2412 cf.
1295 2351 1316 2433 ξ
1338 2352 1371 2431 8;

243 2467 361 2530 ιρτοε
384 2448 418 2513 in
440 2447 672 2531 adjectivorum
694 2447 918 2513 terminatione
939 2469 1009 2522 -ιος
1031 2445 1071 2511 ci.
1087 2447 1142 2526 §9
1166 2451 1198 2510 et
1219 2445 1256 2509 in
1279 2444 1372 2512 decli·

243 2544 375 2612 natione
399 2546 545 2629 stirpium
567 2545 601 2609 in
623 2568 654 2608 -ι
677 2544 892 2610 desinentium
914 2545 1030 2626 (§17);
1053 2568 1072 2608 κ
1094 2563 1152 2625 pro
1175 2566 1204 2620 τ,
1228 2565 1249 2605 τ
1271 2563 1331 2626 pro
1354 2565 1372 2608 σ

114 2707 116 2713 ,
242 2640 283 2706 cl.
306 2643 326 2722 ξ
352 2645 407 2724 12;
438 2662 567 2725 cupro
597 2663 618 2706 σ
646 2641 685 2706 cf.
708 2644 728 2722 ξ
754 2646 807 2724 14;
837 2641 1001 2724 digamma
1028 2645 1189 2706 servatum
1214 2638 1255 2705 ol.
1280 2641 1302 2719 ξ
1327 2644 1372 2705 15.

244 2737 373 2806 Deinde
391 2741 550 2805 vocalium
572 2739 825 2808 concurrentium
849 2738 930 2804 ratio
946 2737 1063 2802 Dorica
1080 2738 1112 2817 (ἓ
1132 2739 1193 2818 10),
1214 2737 1372 2822 correptio

242 2835 442 2919 syllabarum
459 2835 601 2902 finalium
624 2837 735 2919 (511),
758 2835 1031 2920 praepositionum
1045 2853 1199 2918 apocope,
1223 2828 1385 2917 neglecta
1482 2869 1483 2884 r

244 2933 433 2999 metathesis
458 2935 489 3012 (ἓ
508 2937 569 3015 16),
594 2933 733 2996 futurum
756 2932 917 3017 Doricum,
939 2932 1089 2997 infinitivi
1112 2931 1285 2996 verborum
1310 2933 1374 2998 the·

244 3028 363 3094 matica
376 3029 482 3094 vocali
500 3028 677 3095 carentium
690 3029 871 3098 terminatio
886 3053 974 3113 -μεν,
999 3028 1099 3094 dativi
1120 3027 1249 3112 plenior
1272 3029 1373 3094 forma

244 3125 279 3190 in
294 3146 389 3189 -εσσι
409 3126 533 3208 exiens,
555 3125 801 3210 particulariter,
823 3125 1019 3211 praepositio
1041 3125 1131 3192 πεόά
1152 3125 1219 3190 1111
1242 3125 1283 3191 cf.
1299 3128 1320 3207 ξ
1338 3128 1370 3190 17

244 3223 397 3290 librorum
425 3223 616 3290 auctoritate
637 3223 716 3290 satis
746 3225 833 3308 apud
861 3230 1005 3291 nostrum
1032 3230 1162 3309 poetam
1184 3221 1373 3288 confirmata

244 3326 328 3387 sunt.
358 3320 530 3386 Praeterea
547 3342 614 3386 nou
636 3341 740 3406 pauca
754 3327 839 3405 sunt,
862 3341 945 3405 quae
966 3320 1099 3388 aliunde
1121 3320 1226 3386 miuus
1243 3320 1372 3411 cognita

242 3416 443 3502 grammatici
464 3423 629 3502 tamquam
645 3418 764 3485 Dorica
785 3438 826 3486 ex
847 3420 1003 3484 Alcmana
1025 3419 1172 3501 afferunt,
1199 3417 1268 3483 alia
1292 3436 1371 3500 quae

243 3515 424 3583 tacentibus
445 3516 663 3598 grammaticis
685 3536 744 3582 nos
759 3516 938 3583 Laconicae
954 3515 1093 3582 dialecto
1114 3514 1285 3581 vetustiori
1307 3515 1371 3580 vin-

218 3613 355 3679 dicare
376 3631 554 3695 possumus.
599 3615 649 3680 De
673 3638 688 3679 ε
711 3633 769 3696 pro
792 3638 811 3677 o
837 3612 1020 3699 (γεργύρα),
1050 3637 1070 3676 κ
1092 3632 1150 3696 pro
1172 3635 1200 3676 rr
1222 3606 1326 3693 (ἶκα),
1354 3633 1372 3674 τ

243 3730 301 3792 pro
326 3707 345 3773 d
368 3700 600 3793 (Ἀρτέμιτος),
624 3711 662 3774 λλ
684 3709 783 3794 prol
806 3710 943 3790 (καλλὰ),
967 3711 1009 3778 de
1031 3710 1119 3777 exitu
1141 3709 1371 3774 vocabulorum

243 3805 278 3870 in
293 3804 375 3880 duas
387 3825 548 3873 consonas
564 3804 730 3892 (μάκαρς),
753 3805 826 3874 aliis
843 3815 970 3876 veteres
985 3813 1159 3891 testantur3
1181 3806 1277 3872 nobis
1293 3805 1371 3872 duas

244 3901 444 3981 potissimum
466 3922 518 3970 res
535 3905 794 3970 Alcmanicorum
810 3909 1028 3991 exemplorum
1050 3905 1233 3972 constantia
1256 3902 1371 3970 docere

244 3993 381 4078 videtur,
410 3999 547 4080 primum
575 4002 676 4070 verba
702 4009 867 4070 contracta
896 4028 912 4069 ε
942 4009 1019 4072 ante
1047 3995 1066 4069 o
1097 4010 1129 4068 et
1157 4025 1183 4064 ω
1213 4002 1370 4067 nonina
