<?xml version="1.0" encoding="UTF-8"?>
<!DOCTYPE html PUBLIC "-//W3C//DTD XHTML 1.0 Transitional//EN"
    "http://www.w3.org/TR/xhtml1/DTD/xhtml1-transitional.dtd">
<html xmlns="http://www.w3.org/1999/xhtml" xml:lang="en" lang="en">
 <head>
  <title>
</title>
<meta http-equiv="Content-Type" content="text/html;charset=utf-8" />
  <meta name='ocr-system' content='tesseract 3.04.00' />
  <meta name='ocr-capabilities' content='ocr_page ocr_carea ocr_par ocr_line ocrx_word'/>
</head>
<body>
  <div class='ocr_page' id='page_1' title='image "./studienzurgriec01vanigoog_0278.png"; bbox 0 0 2968 4866; ppageno 0'>
   <div class='ocr_carea' id='block_1_1' title="bbox 219 420 847 482">
    <p class='ocr_par' dir='ltr' id='par_1_1' title="bbox 219 420 847 482">
     <span class='ocr_line' id='line_1_1' title="bbox 219 420 847 482; baseline -0.006 0"><span class='ocrx_word' id='word_1_1' title='bbox 219 420 283 482; x_wconf 79' lang='lat'><strong>266</strong></span> <span class='ocrx_word' id='word_1_2' title='bbox 713 421 847 478; x_wconf 80' lang='lat' dir='ltr'>Schrader</span> 
     </span>
    </p>
   </div>
   <div class='ocr_carea' id='block_1_2' title="bbox 246 594 1338 779">
    <p class='ocr_par' dir='ltr' id='par_1_2' title="bbox 246 594 1338 779">
     <span class='ocr_line' id='line_1_2' title="bbox 248 594 1338 693; baseline 0.001 -32"><span class='ocrx_word' id='word_1_3' title='bbox 248 594 303 661; x_wconf 92' lang='lat' dir='ltr'><strong>IV.</strong></span> <span class='ocrx_word' id='word_1_4' title='bbox 341 597 505 662; x_wconf 84' lang='lat' dir='ltr'><strong>Interdum</strong></span> <span class='ocrx_word' id='word_1_5' title='bbox 535 598 639 681; x_wconf 88' lang='lat' dir='ltr'><strong>prima</strong></span> <span class='ocrx_word' id='word_1_6' title='bbox 668 598 724 662; x_wconf 89' lang='lat' dir='ltr'><strong>illa</strong></span> <span class='ocrx_word' id='word_1_7' title='bbox 752 597 869 677; x_wconf 80' lang='lat' dir='ltr'><strong>forma,</strong></span> <span class='ocrx_word' id='word_1_8' title='bbox 899 615 1005 678; x_wconf 89' lang='lat' dir='ltr'><strong>aqua</strong></span> <span class='ocrx_word' id='word_1_9' title='bbox 1031 603 1165 678; x_wconf 88' lang='lat' dir='ltr'><strong>utraque</strong></span> <span class='ocrx_word' id='word_1_10' title='bbox 1190 596 1338 693; x_wconf 22' lang='lat' dir='ltr'><strong>dial-ectus</strong></span> 
     </span>
     <span class='ocr_line' id='line_1_3' title="bbox 246 693 1299 779; baseline 0.002 -22"><span class='ocrx_word' id='word_1_11' title='bbox 246 693 252 705; x_wconf 87' lang='lat'>‘</span> <span class='ocrx_word' id='word_1_12' title='bbox 338 695 480 779; x_wconf 84' lang='lat' dir='ltr'><strong>prolecta</strong></span> <span class='ocrx_word' id='word_1_13' title='bbox 503 697 554 775; x_wconf 81' lang='lat' dir='ltr'><strong>cit,</strong></span> <span class='ocrx_word' id='word_1_14' title='bbox 577 715 635 779; x_wconf 85' lang='lat' dir='ltr'><strong>per</strong></span> <span class='ocrx_word' id='word_1_15' title='bbox 657 696 893 762; x_wconf 88' lang='lat' dir='ltr'><strong>conclusionem</strong></span> <span class='ocrx_word' id='word_1_16' title='bbox 916 695 994 776; x_wconf 81' lang='lat' dir='ltr'><strong>tingi</strong></span> <span class='ocrx_word' id='word_1_17' title='bbox 1018 694 1122 777; x_wconf 85' lang='lat' dir='ltr'><strong>deber,</strong></span> <span class='ocrx_word' id='word_1_18' title='bbox 1146 702 1181 759; x_wconf 90' lang='lat' dir='ltr'><strong>ut</strong></span> <span class='ocrx_word' id='word_1_19' title='bbox 1294 713 1299 719; x_wconf 85' lang='lat'>·</span> 
     </span>
    </p>
   </div>
   <div class='ocr_carea' id='block_1_3' title="bbox 303 789 1337 978">
    <p class='ocr_par' dir='ltr' id='par_1_3' title="bbox 303 789 1337 978">
     <span class='ocr_line' id='line_1_4' title="bbox 303 789 1312 924; baseline -0.042 -19"><span class='ocrx_word' id='word_1_20' title='bbox 303 836 949 924; x_wconf 61' lang='lat' dir='ltr'><strong>arcada-cypr.*dl-j0.g=1at‚pl.2·p.3</strong></span> <span class='ocrx_word' id='word_1_21' title='bbox 976 815 1064 879; x_wconf 80' lang='lat' dir='ltr'><strong>cypr.</strong></span> <span class='ocrx_word' id='word_1_22' title='bbox 1081 789 1176 914; x_wconf 52' lang='lat' dir='ltr'><strong>eglog</strong></span> <span class='ocrx_word' id='word_1_23' title='bbox 1198 796 1248 862; x_wconf 89' lang='lat' dir='ltr'><strong>Id.</strong></span> <span class='ocrx_word' id='word_1_24' title='bbox 1268 803 1312 862; x_wconf 82' lang='lat'><strong>14.</strong></span> 
     </span>
     <span class='ocr_line' id='line_1_5' title="bbox 976 893 1337 978; baseline -0.011 -19"><span class='ocrx_word' id='word_1_25' title='bbox 976 893 1083 960; x_wconf 77' lang='lat' dir='ltr'><strong>arcad,</strong></span> <span class='ocrx_word' id='word_1_26' title='bbox 1096 893 1196 971; x_wconf 81' lang='grc' dir='ltr'><em>αλλος</em></span> <span class='ocrx_word' id='word_1_27' title='bbox 1211 905 1275 978; x_wconf 86' lang='lat' dir='ltr'><strong>teg.</strong></span> <span class='ocrx_word' id='word_1_28' title='bbox 1291 901 1337 960; x_wconf 82' lang='grc'><strong>40.</strong></span> 
     </span>
    </p>
   </div>
   <div class='ocr_carea' id='block_1_4' title="bbox 745 1137 816 1214">
    <p class='ocr_par' dir='ltr' id='par_1_4' title="bbox 745 1137 816 1214">
     <span class='ocr_line' id='line_1_6' title="bbox 745 1137 816 1214; baseline -0.014 -15"><span class='ocrx_word' id='word_1_29' title='bbox 745 1137 816 1214; x_wconf 60' lang='grc' dir='ltr'><strong>ὅθ.</strong></span> 
     </span>
    </p>
   </div>
   <div class='ocr_carea' id='block_1_5' title="bbox 216 1269 1338 1649">
    <p class='ocr_par' dir='ltr' id='par_1_5' title="bbox 216 1269 1338 1649">
     <span class='ocr_line' id='line_1_7' title="bbox 303 1269 1337 1356; baseline -0.004 -20"><span class='ocrx_word' id='word_1_30' title='bbox 303 1271 372 1338; x_wconf 88' lang='lat' dir='ltr'><strong>Hoc</strong></span> <span class='ocrx_word' id='word_1_31' title='bbox 386 1272 481 1354; x_wconf 82' lang='lat' dir='ltr'><strong>igitur</strong></span> <span class='ocrx_word' id='word_1_32' title='bbox 496 1279 624 1356; x_wconf 89' lang='lat' dir='ltr'><strong>praeter</strong></span> <span class='ocrx_word' id='word_1_33' title='bbox 637 1277 765 1337; x_wconf 89' lang='lat' dir='ltr'><strong>caetera</strong></span> <span class='ocrx_word' id='word_1_34' title='bbox 784 1272 876 1339; x_wconf 87' lang='lat' dir='ltr'><strong>uobis</strong></span> <span class='ocrx_word' id='word_1_35' title='bbox 898 1276 1032 1351; x_wconf 87' lang='lat' dir='ltr'><strong>constat,</strong></span> <span class='ocrx_word' id='word_1_36' title='bbox 1055 1289 1162 1338; x_wconf 85' lang='lat' dir='ltr'><strong>errare</strong></span> <span class='ocrx_word' id='word_1_37' title='bbox 1184 1290 1266 1348; x_wconf 88' lang='lat' dir='ltr'><strong>cum,</strong></span> <span class='ocrx_word' id='word_1_38' title='bbox 1289 1269 1337 1352; x_wconf 89' lang='lat' dir='ltr'><strong>qui</strong></span> 
     </span>
     <span class='ocr_line' id='line_1_8' title="bbox 217 1366 1337 1453; baseline -0.001 -18"><span class='ocrx_word' id='word_1_39' title='bbox 217 1371 249 1435; x_wconf 91' lang='lat' dir='ltr'><strong>in</strong></span> <span class='ocrx_word' id='word_1_40' title='bbox 272 1366 487 1453; x_wconf 79' lang='lat' dir='ltr'><strong>explanandis</strong></span> <span class='ocrx_word' id='word_1_41' title='bbox 508 1369 621 1453; x_wconf 75' lang='lat' dir='ltr'>priscis</span> <span class='ocrx_word' id='word_1_42' title='bbox 641 1368 849 1436; x_wconf 85' lang='lat' dir='ltr'><strong>dialectcrnm</strong></span> <span class='ocrx_word' id='word_1_43' title='bbox 865 1369 1053 1436; x_wconf 84' lang='lat' dir='ltr'><strong>differentiis</strong></span> <span class='ocrx_word' id='word_1_44' title='bbox 1070 1369 1214 1451; x_wconf 85' lang='lat' dir='ltr'><strong>gentium</strong></span> <span class='ocrx_word' id='word_1_45' title='bbox 1230 1370 1337 1452; x_wconf 84' lang='lat' dir='ltr'><strong>migra·</strong></span> 
     </span>
     <span class='ocr_line' id='line_1_9' title="bbox 216 1466 1337 1551; baseline 0.001 -19"><span class='ocrx_word' id='word_1_46' title='bbox 216 1467 321 1533; x_wconf 83' lang='lat' dir='ltr'><strong>tiones</strong></span> <span class='ocrx_word' id='word_1_47' title='bbox 344 1474 439 1549; x_wconf 88' lang='lat' dir='ltr'><strong>atque</strong></span> <span class='ocrx_word' id='word_1_48' title='bbox 460 1466 622 1549; x_wconf 84' lang='lat' dir='ltr'><strong>digressus</strong></span> <span class='ocrx_word' id='word_1_49' title='bbox 645 1472 700 1532; x_wconf 85' lang='lat' dir='ltr'><strong>aut</strong></span> <span class='ocrx_word' id='word_1_50' title='bbox 721 1467 813 1532; x_wconf 91' lang='lat' dir='ltr'><strong>nihili</strong></span> <span class='ocrx_word' id='word_1_51' title='bbox 837 1475 892 1533; x_wconf 92' lang='lat' dir='ltr'><strong>aut</strong></span> <span class='ocrx_word' id='word_1_52' title='bbox 913 1468 1006 1551; x_wconf 89' lang='lat' dir='ltr'><strong>parvi</strong></span> <span class='ocrx_word' id='word_1_53' title='bbox 1028 1467 1146 1535; x_wconf 80' lang='lat' dir='ltr'><strong>fecerit.</strong></span> <span class='ocrx_word' id='word_1_54' title='bbox 1185 1468 1286 1534; x_wconf 84' lang='lat' dir='ltr'><strong>Aliter</strong></span> <span class='ocrx_word' id='word_1_55' title='bbox 1298 1467 1337 1533; x_wconf 90' lang='lat' dir='ltr'><strong>de</strong></span> 
     </span>
     <span class='ocr_line' id='line_1_10' title="bbox 217 1561 1338 1649; baseline 0 -19"><span class='ocrx_word' id='word_1_56' title='bbox 217 1584 257 1630; x_wconf 88' lang='lat' dir='ltr'><strong>ea</strong></span> <span class='ocrx_word' id='word_1_57' title='bbox 283 1569 391 1631; x_wconf 84' lang='lat' dir='ltr'><strong>aetate</strong></span> <span class='ocrx_word' id='word_1_58' title='bbox 419 1563 611 1631; x_wconf 72' lang='lat' dir='ltr'><strong>indicaveris</strong></span> <span class='ocrx_word' id='word_1_59' title='bbox 639 1565 753 1646; x_wconf 86' lang='lat' dir='ltr'><strong>velim,</strong></span> <span class='ocrx_word' id='word_1_60' title='bbox 788 1584 851 1649; x_wconf 91' lang='lat' dir='ltr'><strong>qua</strong></span> <span class='ocrx_word' id='word_1_61' title='bbox 879 1572 992 1648; x_wconf 84' lang='lat' dir='ltr'><strong>gentes</strong></span> <span class='ocrx_word' id='word_1_62' title='bbox 1008 1591 1063 1612; x_wconf 84' lang='lat'><strong>·-</strong></span> <span class='ocrx_word' id='word_1_63' title='bbox 1083 1564 1118 1630; x_wconf 94' lang='lat' dir='ltr'><strong>id</strong></span> <span class='ocrx_word' id='word_1_64' title='bbox 1145 1563 1231 1648; x_wconf 91' lang='lat' dir='ltr'><strong>quod</strong></span> <span class='ocrx_word' id='word_1_65' title='bbox 1258 1561 1338 1630; x_wconf 83' lang='lat' dir='ltr'><strong>&#39;circa</strong></span> 
     </span>
    </p>
   </div>
   <div class='ocr_carea' id='block_1_6' title="bbox 217 1660 1462 1748">
    <p class='ocr_par' dir='ltr' id='par_1_6' title="bbox 217 1660 1462 1748">
     <span class='ocr_line' id='line_1_11' title="bbox 217 1660 1462 1748; baseline -0.008 -20"><span class='ocrx_word' id='word_1_66' title='bbox 217 1660 445 1748; x_wconf 90' lang='lat' dir='ltr'><strong>Olympiadum</strong></span> <span class='ocrx_word' id='word_1_67' title='bbox 473 1662 597 1729; x_wconf 90' lang='lat' dir='ltr'><strong>initium</strong></span> <span class='ocrx_word' id='word_1_68' title='bbox 624 1662 740 1729; x_wconf 81' lang='lat' dir='ltr'><strong>iactum</strong></span> <span class='ocrx_word' id='word_1_69' title='bbox 764 1670 813 1730; x_wconf 97' lang='grc' dir='ltr'><strong>θεῖ</strong></span> <span class='ocrx_word' id='word_1_70' title='bbox 835 1663 932 1728; x_wconf 92' lang='lat' dir='ltr'><strong>-in</strong></span> <span class='ocrx_word' id='word_1_71' title='bbox 962 1662 1092 1730; x_wconf 89' lang='lat' dir='ltr'><strong>sedibus</strong></span> <span class='ocrx_word' id='word_1_72' title='bbox 1122 1663 1337 1742; x_wconf 88' lang='lat' dir='ltr'><strong>constiterunt,</strong></span> <span class='ocrx_word' id='word_1_73' title='bbox 1461 1695 1462 1718; x_wconf 32' lang='grc' dir='ltr'>ε</span> 
     </span>
    </p>
   </div>
   <div class='ocr_carea' id='block_1_7' title="bbox 216 1759 1337 1843">
    <p class='ocr_par' dir='ltr' id='par_1_7' title="bbox 216 1759 1337 1843">
     <span class='ocr_line' id='line_1_12' title="bbox 216 1759 1337 1843; baseline 0 -19"><span class='ocrx_word' id='word_1_74' title='bbox 216 1759 299 1827; x_wconf 85' lang='lat' dir='ltr'><strong>inter</strong></span> <span class='ocrx_word' id='word_1_75' title='bbox 321 1780 356 1827; x_wconf 92' lang='lat' dir='ltr'><strong>se</strong></span> <span class='ocrx_word' id='word_1_76' title='bbox 378 1760 580 1843; x_wconf 87' lang='lat' dir='ltr'><strong>coaluerunt,</strong></span> <span class='ocrx_word' id='word_1_77' title='bbox 610 1761 799 1826; x_wconf 90' lang='lat' dir='ltr'><strong>commercio</strong></span> <span class='ocrx_word' id='word_1_78' title='bbox 821 1780 963 1828; x_wconf 75' lang='lat' dir='ltr'><strong>conexae</strong></span> <span class='ocrx_word' id='word_1_79' title='bbox 984 1762 1121 1827; x_wconf 88' lang='lat' dir='ltr'><strong>fuerunt.</strong></span> <span class='ocrx_word' id='word_1_80' title='bbox 1167 1760 1236 1826; x_wconf 89' lang='lat' dir='ltr'><strong>Hoc</strong></span> <span class='ocrx_word' id='word_1_81' title='bbox 1258 1760 1337 1827; x_wconf 90' lang='lat' dir='ltr'><strong>enim</strong></span> 
     </span>
    </p>
   </div>
   <div class='ocr_carea' id='block_1_8' title="bbox 150 1857 1463 2040">
    <p class='ocr_par' dir='ltr' id='par_1_8' title="bbox 150 1857 1463 2040">
     <span class='ocr_line' id='line_1_13' title="bbox 216 1857 1463 1946; baseline -0.003 -22"><span class='ocrx_word' id='word_1_82' title='bbox 216 1865 361 1942; x_wconf 84' lang='lat' dir='ltr'><strong>tempore</strong></span> <span class='ocrx_word' id='word_1_83' title='bbox 382 1858 465 1925; x_wconf 89' lang='lat' dir='ltr'><strong>inter</strong></span> <span class='ocrx_word' id='word_1_84' title='bbox 486 1857 641 1926; x_wconf 79' lang='lat' dir='ltr'><strong>dialectos</strong></span> <span class='ocrx_word' id='word_1_85' title='bbox 663 1858 861 1927; x_wconf 84' lang='lat' dir='ltr'><strong>differentias</strong></span> <span class='ocrx_word' id='word_1_86' title='bbox 883 1859 1040 1942; x_wconf 89' lang='lat' dir='ltr'><strong>quasdam</strong></span> <span class='ocrx_word' id='word_1_87' title='bbox 1062 1875 1133 1925; x_wconf 89' lang='grc' dir='ltr'>θεεθ</span> <span class='ocrx_word' id='word_1_88' title='bbox 1154 1865 1250 1924; x_wconf 89' lang='lat' dir='ltr'><strong>natas</strong></span> <span class='ocrx_word' id='word_1_89' title='bbox 1271 1877 1339 1923; x_wconf 90' lang='lat' dir='ltr'><strong>con·</strong></span> <span class='ocrx_word' id='word_1_90' title='bbox 1462 1909 1463 1946; x_wconf 28' lang='lat' dir='ltr'><strong>p</strong></span> 
     </span>
     <span class='ocr_line' id='line_1_14' title="bbox 150 1949 1463 2040; baseline -0.003 -18"><span class='ocrx_word' id='word_1_91' title='bbox 150 1975 152 1980; x_wconf 89' lang='lat'>·</span> <span class='ocrx_word' id='word_1_92' title='bbox 216 1955 313 2022; x_wconf 86' lang='lat' dir='ltr'><strong>tinais</strong></span> <span class='ocrx_word' id='word_1_93' title='bbox 333 1956 399 2022; x_wconf 88' lang='lat' dir='ltr'><strong>illis</strong></span> <span class='ocrx_word' id='word_1_94' title='bbox 421 1955 650 2023; x_wconf 89' lang='lat' dir='ltr'><strong>mutationibus</strong></span> <span class='ocrx_word' id='word_1_95' title='bbox 672 1957 724 2023; x_wconf 91' lang='lat' dir='ltr'><strong>bic</strong></span> <span class='ocrx_word' id='word_1_96' title='bbox 745 1958 811 2024; x_wconf 89' lang='lat' dir='ltr'><strong>illic</strong></span> <span class='ocrx_word' id='word_1_97' title='bbox 832 1957 917 2040; x_wconf 89' lang='lat' dir='ltr'><strong>ortis,</strong></span> <span class='ocrx_word' id='word_1_98' title='bbox 941 1956 1080 2039; x_wconf 91' lang='lat' dir='ltr'><strong>denique</strong></span> <span class='ocrx_word' id='word_1_99' title='bbox 1102 1956 1216 2022; x_wconf 88' lang='lat' dir='ltr'><strong>codem</strong></span> <span class='ocrx_word' id='word_1_100' title='bbox 1237 1954 1337 2036; x_wconf 89' lang='lat' dir='ltr'><strong>modo,</strong></span> <span class='ocrx_word' id='word_1_101' title='bbox 1462 1949 1463 2004; x_wconf 80' lang='lat' dir='ltr'><strong>l</strong></span> 
     </span>
    </p>
   </div>
   <div class='ocr_carea' id='block_1_9' title="bbox 214 2053 1340 4096">
    <p class='ocr_par' dir='ltr' id='par_1_9' title="bbox 216 2053 1338 2529">
     <span class='ocr_line' id='line_1_15' title="bbox 217 2053 1338 2137; baseline -0.001 -18"><span class='ocrx_word' id='word_1_102' title='bbox 217 2073 311 2137; x_wconf 90' lang='lat' dir='ltr'><strong>quem</strong></span> <span class='ocrx_word' id='word_1_103' title='bbox 347 2053 376 2121; x_wconf 81' lang='lat' dir='ltr'><strong>J.</strong></span> <span class='ocrx_word' id='word_1_104' title='bbox 414 2053 609 2119; x_wconf 88' lang='lat' dir='ltr'><strong>Sohmidtius</strong></span> <span class='ocrx_word' id='word_1_105' title='bbox 644 2054 701 2121; x_wconf 87' lang='lat' dir='ltr'><strong>ille</strong></span> <span class='ocrx_word' id='word_1_106' title='bbox 737 2053 978 2126; x_wconf 86' lang='lat' dir='ltr'><strong>similitudinem</strong></span> <span class='ocrx_word' id='word_1_107' title='bbox 1015 2054 1057 2120; x_wconf 87' lang='lat' dir='ltr'><strong>ab</strong></span> <span class='ocrx_word' id='word_1_108' title='bbox 1094 2053 1189 2119; x_wconf 88' lang='lat' dir='ltr'><strong>undis</strong></span> <span class='ocrx_word' id='word_1_109' title='bbox 1229 2060 1338 2137; x_wconf 87' lang='lat' dir='ltr'><strong>petens</strong></span> 
     </span>
     <span class='ocr_line' id='line_1_16' title="bbox 216 2150 1338 2236; baseline -0.002 -18"><span class='ocrx_word' id='word_1_110' title='bbox 216 2151 511 2230; x_wconf 81' lang='lat' dir='ltr'><strong>„Wellcntbeorie“</strong></span> <span class='ocrx_word' id='word_1_111' title='bbox 535 2151 625 2234; x_wconf 82' lang='lat' dir='ltr'><strong>dixit,</strong></span> <span class='ocrx_word' id='word_1_112' title='bbox 652 2172 694 2219; x_wconf 83' lang='lat' dir='ltr'><strong>ex</strong></span> <span class='ocrx_word' id='word_1_113' title='bbox 714 2152 794 2235; x_wconf 87' lang='lat' dir='ltr'><strong>ipsis</strong></span> <span class='ocrx_word' id='word_1_114' title='bbox 815 2153 939 2236; x_wconf 81' lang='lat' dir='ltr'><strong>graecis</strong></span> <span class='ocrx_word' id='word_1_115' title='bbox 961 2151 1108 2219; x_wconf 88' lang='lat' dir='ltr'><strong>dialectis</strong></span> <span class='ocrx_word' id='word_1_116' title='bbox 1130 2150 1338 2217; x_wconf 88' lang='lat' dir='ltr'><strong>demonstrari</strong></span> 
     </span>
     <span class='ocr_line' id='line_1_17' title="bbox 216 2247 1337 2334; baseline 0 -21"><span class='ocrx_word' id='word_1_117' title='bbox 216 2255 332 2334; x_wconf 89' lang='lat' dir='ltr'><strong>potest.</strong></span> <span class='ocrx_word' id='word_1_118' title='bbox 376 2248 441 2314; x_wconf 87' lang='lat' dir='ltr'><strong>Sed</strong></span> <span class='ocrx_word' id='word_1_119' title='bbox 476 2249 516 2316; x_wconf 89' lang='lat' dir='ltr'><strong>de</strong></span> <span class='ocrx_word' id='word_1_120' title='bbox 547 2250 608 2314; x_wconf 90' lang='lat' dir='ltr'><strong>boc</strong></span> <span class='ocrx_word' id='word_1_121' title='bbox 640 2250 707 2317; x_wconf 89' lang='lat' dir='ltr'><strong>alia</strong></span> <span class='ocrx_word' id='word_1_122' title='bbox 740 2250 908 2318; x_wconf 89' lang='lat' dir='ltr'><strong>occasione</strong></span> <span class='ocrx_word' id='word_1_123' title='bbox 939 2251 1016 2317; x_wconf 89' lang='lat' dir='ltr'><strong>data</strong></span> <span class='ocrx_word' id='word_1_124' title='bbox 1048 2250 1148 2316; x_wconf 88' lang='lat' dir='ltr'><strong>verba</strong></span> <span class='ocrx_word' id='word_1_125' title='bbox 1179 2247 1337 2315; x_wconf 86' lang='lat' dir='ltr'><strong>faciemus.</strong></span> 
     </span>
     <span class='ocr_line' id='line_1_18' title="bbox 217 2345 1336 2432; baseline -0.001 -18"><span class='ocrx_word' id='word_1_126' title='bbox 217 2347 310 2414; x_wconf 87' lang='lat' dir='ltr'><strong>Nunc</strong></span> <span class='ocrx_word' id='word_1_127' title='bbox 332 2346 375 2412; x_wconf 88' lang='lat' dir='ltr'><strong>ad</strong></span> <span class='ocrx_word' id='word_1_128' title='bbox 403 2348 507 2431; x_wconf 87' lang='lat' dir='ltr'><strong>ipsam</strong></span> <span class='ocrx_word' id='word_1_129' title='bbox 524 2348 706 2414; x_wconf 79' lang='lat' dir='ltr'><strong>¹Atticorum</strong></span> <span class='ocrx_word' id='word_1_130' title='bbox 728 2368 799 2414; x_wconf 92' lang='lat' dir='ltr'><strong>cum</strong></span> <span class='ocrx_word' id='word_1_131' title='bbox 822 2346 1137 2414; x_wconf 82' lang='lat' dir='ltr'><strong>Aeolo-doriensibus</strong></span> <span class='ocrx_word' id='word_1_132' title='bbox 1165 2345 1199 2411; x_wconf 93' lang='lat' dir='ltr'><strong>in</strong></span> <span class='ocrx_word' id='word_1_133' title='bbox 1223 2349 1244 2411; x_wconf 82' lang='grc' dir='ltr'><strong><em>ἃ</em></strong></span> <span class='ocrx_word' id='word_1_134' title='bbox 1268 2351 1336 2432; x_wconf 73' lang='lat' dir='ltr'><strong>etp</strong></span> 
     </span>
     <span class='ocr_line' id='line_1_19' title="bbox 217 2445 741 2529; baseline 0 -17"><span class='ocrx_word' id='word_1_135' title='bbox 217 2467 276 2512; x_wconf 88' lang='lat' dir='ltr'><strong>usu</strong></span> <span class='ocrx_word' id='word_1_136' title='bbox 298 2446 568 2529; x_wconf 85' lang='lat' dir='ltr'><strong>comparationem</strong></span> <span class='ocrx_word' id='word_1_137' title='bbox 591 2445 741 2512; x_wconf 89' lang='lat' dir='ltr'><strong>redimus.</strong></span> 
     </span>
    </p>

    <p class='ocr_par' dir='ltr' id='par_1_10' title="bbox 214 2541 1339 3018">
     <span class='ocr_line' id='line_1_20' title="bbox 303 2541 1337 2627; baseline -0.001 -18"><span class='ocrx_word' id='word_1_138' title='bbox 303 2546 547 2612; x_wconf 87' lang='lat' dir='ltr'><strong>Demonstrasse</strong></span> <span class='ocrx_word' id='word_1_139' title='bbox 564 2545 648 2611; x_wconf 91' lang='lat' dir='ltr'><strong>euim</strong></span> <span class='ocrx_word' id='word_1_140' title='bbox 665 2543 743 2609; x_wconf 91' lang='lat' dir='ltr'><strong>mihi</strong></span> <span class='ocrx_word' id='word_1_141' title='bbox 758 2543 870 2611; x_wconf 83' lang='lat' dir='ltr'><strong>videor</strong></span> <span class='ocrx_word' id='word_1_142' title='bbox 887 2545 922 2610; x_wconf 90' lang='lat' dir='ltr'><strong>in</strong></span> <span class='ocrx_word' id='word_1_143' title='bbox 937 2564 977 2611; x_wconf 90' lang='lat' dir='ltr'><strong>ea</strong></span> <span class='ocrx_word' id='word_1_144' title='bbox 992 2541 1226 2610; x_wconf 88' lang='lat' dir='ltr'><strong>dissertationis</strong></span> <span class='ocrx_word' id='word_1_145' title='bbox 1241 2549 1337 2627; x_wconf 86' lang='lat' dir='ltr'><strong>parte,</strong></span> 
     </span>
     <span class='ocr_line' id='line_1_21' title="bbox 216 2639 1338 2728; baseline -0.002 -20"><span class='ocrx_word' id='word_1_146' title='bbox 216 2641 344 2726; x_wconf 85' lang='lat' dir='ltr'><strong>quade</strong></span> <span class='ocrx_word' id='word_1_147' title='bbox 371 2643 590 2709; x_wconf 82' lang='lat' dir='ltr'><strong>aeolo-dorica</strong></span> <span class='ocrx_word' id='word_1_148' title='bbox 617 2642 723 2709; x_wconf 86' lang='lat' dir='ltr'><strong>vocali</strong></span> <span class='ocrx_word' id='word_1_149' title='bbox 745 2666 764 2728; x_wconf 84' lang='grc' dir='ltr'>η</span> <span class='ocrx_word' id='word_1_150' title='bbox 795 2642 915 2726; x_wconf 84' lang='lat' dir='ltr'><strong>agitur,</strong></span> <span class='ocrx_word' id='word_1_151' title='bbox 946 2642 1012 2708; x_wconf 91' lang='lat' dir='ltr'><strong>illis</strong></span> <span class='ocrx_word' id='word_1_152' title='bbox 1034 2642 1066 2707; x_wconf 92' lang='lat' dir='ltr'><strong>in</strong></span> <span class='ocrx_word' id='word_1_153' title='bbox 1090 2640 1238 2707; x_wconf 84' lang='lat' dir='ltr'><strong>dialectis</strong></span> <span class='ocrx_word' id='word_1_154' title='bbox 1261 2639 1338 2708; x_wconf 88' lang='lat' dir='ltr'><strong>adeo</strong></span> 
     </span>
     <span class='ocr_line' id='line_1_22' title="bbox 215 2730 1339 2827; baseline -0.003 -21"><span class='ocrx_word' id='word_1_155' title='bbox 215 2760 282 2806; x_wconf 88' lang='lat' dir='ltr'><strong>uon</strong></span> <span class='ocrx_word' id='word_1_156' title='bbox 311 2739 445 2806; x_wconf 89' lang='lat' dir='ltr'><strong>libidine</strong></span> <span class='ocrx_word' id='word_1_157' title='bbox 467 2739 605 2824; x_wconf 89' lang='lat' dir='ltr'><strong>quadam</strong></span> <span class='ocrx_word' id='word_1_158' title='bbox 628 2765 647 2827; x_wconf 85' lang='grc' dir='ltr'>η</span> <span class='ocrx_word' id='word_1_159' title='bbox 677 2743 779 2823; x_wconf 77' lang='lat' dir='ltr'><strong>prod</strong></span> <span class='ocrx_word' id='word_1_160' title='bbox 809 2730 1024 2824; x_wconf 85' lang='lat' dir='ltr'><strong>pronuntiari,</strong></span> <span class='ocrx_word' id='word_1_161' title='bbox 1054 2744 1088 2804; x_wconf 92' lang='lat' dir='ltr'><strong>ut</strong></span> <span class='ocrx_word' id='word_1_162' title='bbox 1115 2738 1149 2804; x_wconf 93' lang='lat' dir='ltr'><strong>in</strong></span> <span class='ocrx_word' id='word_1_163' title='bbox 1171 2738 1253 2806; x_wconf 91' lang='lat' dir='ltr'><strong>miro</strong></span> <span class='ocrx_word' id='word_1_164' title='bbox 1277 2737 1339 2804; x_wconf 90' lang='lat' dir='ltr'><strong>dia·</strong></span> 
     </span>
     <span class='ocr_line' id='line_1_23' title="bbox 214 2836 1339 2922; baseline 0 -20"><span class='ocrx_word' id='word_1_165' title='bbox 214 2838 369 2905; x_wconf 87' lang='lat' dir='ltr'><strong>lectorum</strong></span> <span class='ocrx_word' id='word_1_166' title='bbox 401 2857 559 2905; x_wconf 87' lang='lat' dir='ltr'><strong>consensu</strong></span> <span class='ocrx_word' id='word_1_167' title='bbox 587 2839 678 2922; x_wconf 85' lang='lat' dir='ltr'><strong>quasi</strong></span> <span class='ocrx_word' id='word_1_168' title='bbox 712 2837 793 2904; x_wconf 89' lang='lat' dir='ltr'><strong>ratio</strong></span> <span class='ocrx_word' id='word_1_169' title='bbox 823 2836 982 2922; x_wconf 88' lang='lat' dir='ltr'><strong>quaedam</strong></span> <span class='ocrx_word' id='word_1_170' title='bbox 1012 2845 1044 2905; x_wconf 91' lang='lat' dir='ltr'><strong>et</strong></span> <span class='ocrx_word' id='word_1_171' title='bbox 1072 2837 1240 2904; x_wconf 92' lang='lat' dir='ltr'><strong>consilium</strong></span> <span class='ocrx_word' id='word_1_172' title='bbox 1272 2836 1339 2921; x_wconf 89' lang='lat' dir='ltr'><strong>pro·</strong></span> 
     </span>
     <span class='ocr_line' id='line_1_24' title="bbox 216 2935 377 3018; baseline -0.019 -18"><span class='ocrx_word' id='word_1_173' title='bbox 216 2935 377 3018; x_wconf 88' lang='lat' dir='ltr'><strong>spiciatur.</strong></span> 
     </span>
    </p>

    <p class='ocr_par' dir='ltr' id='par_1_11' title="bbox 215 3032 1340 3314">
     <span class='ocr_line' id='line_1_25' title="bbox 301 3032 1340 3115; baseline 0.003 -19"><span class='ocrx_word' id='word_1_174' title='bbox 301 3032 411 3115; x_wconf 84' lang='lat' dir='ltr'><strong>Longe</strong></span> <span class='ocrx_word' id='word_1_175' title='bbox 439 3033 506 3099; x_wconf 87' lang='lat' dir='ltr'><strong>alia</strong></span> <span class='ocrx_word' id='word_1_176' title='bbox 533 3051 584 3098; x_wconf 85' lang='lat' dir='ltr'><strong>res</strong></span> <span class='ocrx_word' id='word_1_177' title='bbox 612 3034 645 3098; x_wconf 91' lang='lat' dir='ltr'><strong>in</strong></span> <span class='ocrx_word' id='word_1_178' title='bbox 668 3033 773 3101; x_wconf 86' lang='lat' dir='ltr'><strong>Attica</strong></span> <span class='ocrx_word' id='word_1_179' title='bbox 801 3041 850 3101; x_wconf 92' lang='grc' dir='ltr'><strong>θεῖ</strong></span> <span class='ocrx_word' id='word_1_180' title='bbox 872 3033 1021 3101; x_wconf 89' lang='lat' dir='ltr'><strong>dialecto.</strong></span> <span class='ocrx_word' id='word_1_181' title='bbox 1066 3034 1116 3100; x_wconf 90' lang='lat' dir='ltr'><strong>Ibi</strong></span> <span class='ocrx_word' id='word_1_182' title='bbox 1145 3033 1231 3100; x_wconf 90' lang='lat' dir='ltr'><strong>enim</strong></span> <span class='ocrx_word' id='word_1_183' title='bbox 1258 3035 1340 3108; x_wconf 84' lang='lat' dir='ltr'><strong>notis</strong></span> 
     </span>
     <span class='ocr_line' id='line_1_26' title="bbox 215 3130 1338 3218; baseline -0.002 -21"><span class='ocrx_word' id='word_1_184' title='bbox 215 3131 335 3214; x_wconf 85' lang='lat' dir='ltr'><strong>regulis</strong></span> <span class='ocrx_word' id='word_1_185' title='bbox 364 3130 507 3213; x_wconf 81' lang='lat' dir='ltr'><strong>exceptis</strong></span> <span class='ocrx_word' id='word_1_186' title='bbox 535 3131 783 3215; x_wconf 90' lang='lat' dir='ltr'><strong>unumquodque</strong></span> <span class='ocrx_word' id='word_1_187' title='bbox 809 3133 876 3199; x_wconf 85' lang='lat' dir='ltr'><strong>fere</strong></span> <span class='ocrx_word' id='word_1_188' title='bbox 906 3135 927 3195; x_wconf 85' lang='grc' dir='ltr'><strong><em>ἆ</em></strong></span> <span class='ocrx_word' id='word_1_189' title='bbox 956 3132 1033 3218; x_wconf 78' lang='lat' dir='ltr'><strong>inp</strong></span> <span class='ocrx_word' id='word_1_190' title='bbox 1064 3138 1212 3197; x_wconf 87' lang='lat' dir='ltr'><strong>mutatur.</strong></span> <span class='ocrx_word' id='word_1_191' title='bbox 1258 3130 1338 3210; x_wconf 78' lang='lat' dir='ltr'><strong>Quid</strong></span> 
     </span>
     <span class='ocr_line' id='line_1_27' title="bbox 217 3226 590 3314; baseline 0.003 -21"><span class='ocrx_word' id='word_1_192' title='bbox 217 3229 312 3314; x_wconf 81' lang='lat' dir='ltr'><strong>igitur</strong></span> <span class='ocrx_word' id='word_1_193' title='bbox 333 3226 410 3292; x_wconf 91' lang='lat' dir='ltr'><strong>indc</strong></span> <span class='ocrx_word' id='word_1_194' title='bbox 432 3228 590 3311; x_wconf 82' lang='lat' dir='ltr'><strong>apparet?</strong></span> 
     </span>
    </p>

    <p class='ocr_par' dir='ltr' id='par_1_12' title="bbox 215 3326 1337 3994">
     <span class='ocr_line' id='line_1_28' title="bbox 301 3326 1337 3414; baseline -0.003 -21"><span class='ocrx_word' id='word_1_195' title='bbox 301 3327 447 3410; x_wconf 86' lang='lat' dir='ltr'><strong>Suspicio</strong></span> <span class='ocrx_word' id='word_1_196' title='bbox 476 3327 573 3393; x_wconf 90' lang='lat' dir='ltr'><strong>oritur</strong></span> <span class='ocrx_word' id='word_1_197' title='bbox 601 3348 657 3394; x_wconf 88' lang='lat' dir='ltr'><strong>eas</strong></span> <span class='ocrx_word' id='word_1_198' title='bbox 684 3328 814 3394; x_wconf 88' lang='lat' dir='ltr'><strong>vocales</strong></span> <span class='ocrx_word' id='word_1_199' title='bbox 841 3351 878 3414; x_wconf 85' lang='grc' dir='ltr'><strong>η,</strong></span> <span class='ocrx_word' id='word_1_200' title='bbox 913 3347 993 3410; x_wconf 86' lang='lat' dir='ltr'><strong>quas</strong></span> <span class='ocrx_word' id='word_1_201' title='bbox 1020 3326 1128 3391; x_wconf 84' lang='lat' dir='ltr'><strong>Atthis</strong></span> <span class='ocrx_word' id='word_1_202' title='bbox 1156 3344 1337 3392; x_wconf 87' lang='lat' dir='ltr'><strong>communes</strong></span> 
     </span>
     <span class='ocr_line' id='line_1_29' title="bbox 215 3422 1337 3508; baseline -0.004 -17"><span class='ocrx_word' id='word_1_203' title='bbox 215 3426 334 3493; x_wconf 89' lang='lat' dir='ltr'><strong>babeat</strong></span> <span class='ocrx_word' id='word_1_204' title='bbox 361 3445 432 3491; x_wconf 90' lang='lat' dir='ltr'><strong>cum</strong></span> <span class='ocrx_word' id='word_1_205' title='bbox 454 3425 590 3492; x_wconf 84' lang='lat' dir='ltr'><strong>Aeolida</strong></span> <span class='ocrx_word' id='word_1_206' title='bbox 619 3432 651 3492; x_wconf 91' lang='grc' dir='ltr'><strong>θῖ</strong></span> <span class='ocrx_word' id='word_1_207' title='bbox 673 3425 809 3508; x_wconf 91' lang='lat' dir='ltr'><strong>Doride,</strong></span> <span class='ocrx_word' id='word_1_208' title='bbox 840 3431 872 3491; x_wconf 90' lang='grc' dir='ltr'><strong>θῖ</strong></span> <span class='ocrx_word' id='word_1_209' title='bbox 902 3423 987 3507; x_wconf 90' lang='lat' dir='ltr'><strong>quod</strong></span> <span class='ocrx_word' id='word_1_210' title='bbox 1017 3431 1165 3490; x_wconf 88' lang='lat' dir='ltr'><strong>naturam</strong></span> <span class='ocrx_word' id='word_1_211' title='bbox 1192 3429 1227 3490; x_wconf 85' lang='lat' dir='ltr'><strong>et</strong></span> <span class='ocrx_word' id='word_1_212' title='bbox 1256 3422 1337 3506; x_wconf 91' lang='lat' dir='ltr'><strong>quod</strong></span> 
     </span>
     <span class='ocr_line' id='line_1_30' title="bbox 215 3519 1334 3606; baseline -0.005 -16"><span class='ocrx_word' id='word_1_213' title='bbox 215 3531 354 3590; x_wconf 89' lang='lat' dir='ltr'><strong>aetatem</strong></span> <span class='ocrx_word' id='word_1_214' title='bbox 387 3523 572 3590; x_wconf 84' lang='lat' dir='ltr'><strong>mutationis</strong></span> <span class='ocrx_word' id='word_1_215' title='bbox 604 3523 733 3606; x_wconf 85' lang='lat' dir='ltr'><strong>attinet,</strong></span> <span class='ocrx_word' id='word_1_216' title='bbox 771 3523 812 3590; x_wconf 92' lang='lat' dir='ltr'><strong>ab</strong></span> <span class='ocrx_word' id='word_1_217' title='bbox 845 3523 977 3605; x_wconf 89' lang='lat' dir='ltr'><strong>reliquis</strong></span> <span class='ocrx_word' id='word_1_218' title='bbox 1010 3541 1080 3588; x_wconf 90' lang='grc' dir='ltr'>θεεθ</span> <span class='ocrx_word' id='word_1_219' title='bbox 1113 3519 1334 3603; x_wconf 78' lang='lat' dir='ltr'><strong>seiungeudas.</strong></span> 
     </span>
     <span class='ocr_line' id='line_1_31' title="bbox 215 3615 1333 3706; baseline -0.006 -19"><span class='ocrx_word' id='word_1_220' title='bbox 215 3622 288 3687; x_wconf 81' lang='lat' dir='ltr'><strong>Alio</strong></span> <span class='ocrx_word' id='word_1_221' title='bbox 309 3621 414 3706; x_wconf 83' lang='lat' dir='ltr'><strong>igitur,</strong></span> <span class='ocrx_word' id='word_1_222' title='bbox 437 3621 471 3686; x_wconf 90' lang='lat' dir='ltr'><strong>ni</strong></span> <span class='ocrx_word' id='word_1_223' title='bbox 493 3621 597 3702; x_wconf 81' lang='lat' dir='ltr'><strong>fallor,</strong></span> <span class='ocrx_word' id='word_1_224' title='bbox 620 3627 652 3688; x_wconf 89' lang='grc' dir='ltr'><strong>θῖ</strong></span> <span class='ocrx_word' id='word_1_225' title='bbox 673 3621 769 3686; x_wconf 89' lang='lat' dir='ltr'><strong>modo</strong></span> <span class='ocrx_word' id='word_1_226' title='bbox 792 3626 824 3686; x_wconf 92' lang='lat' dir='ltr'><strong>et</strong></span> <span class='ocrx_word' id='word_1_227' title='bbox 846 3626 990 3703; x_wconf 86' lang='lat' dir='ltr'><strong>tempore</strong></span> <span class='ocrx_word' id='word_1_228' title='bbox 1011 3644 1031 3705; x_wconf 86' lang='grc' dir='ltr'><em>η</em></span> <span class='ocrx_word' id='word_1_229' title='bbox 1055 3619 1088 3685; x_wconf 92' lang='lat' dir='ltr'><strong>in</strong></span> <span class='ocrx_word' id='word_1_230' title='bbox 1110 3616 1249 3705; x_wconf 76' lang='grc' dir='ltr'><strong><em>λέγηται</em></strong></span> <span class='ocrx_word' id='word_1_231' title='bbox 1273 3615 1333 3682; x_wconf 90' lang='lat' dir='ltr'><strong>dor.</strong></span> 
     </span>
     <span class='ocr_line' id='line_1_32' title="bbox 216 3709 1335 3804; baseline -0.006 -21"><span class='ocrx_word' id='word_1_232' title='bbox 216 3716 367 3804; x_wconf 79' lang='grc' dir='ltr'><em>λέγηται,</em></span> <span class='ocrx_word' id='word_1_233' title='bbox 390 3719 454 3784; x_wconf 89' lang='lat' dir='ltr'><strong>alio</strong></span> <span class='ocrx_word' id='word_1_234' title='bbox 476 3719 511 3785; x_wconf 91' lang='lat' dir='ltr'><strong>in</strong></span> <span class='ocrx_word' id='word_1_235' title='bbox 534 3718 639 3803; x_wconf 74' lang='grc' dir='ltr'><em>δῆμος</em></span> <span class='ocrx_word' id='word_1_236' title='bbox 662 3717 728 3783; x_wconf 93' lang='lat' dir='ltr'><strong>dor.</strong></span> <span class='ocrx_word' id='word_1_237' title='bbox 746 3717 853 3800; x_wconf 83' lang='grc' dir='ltr'><strong><em>δᾶμος</em></strong></span> <span class='ocrx_word' id='word_1_238' title='bbox 876 3724 979 3782; x_wconf 91' lang='lat' dir='ltr'><strong>ortum</strong></span> <span class='ocrx_word' id='word_1_239' title='bbox 1002 3722 1050 3784; x_wconf 90' lang='grc' dir='ltr'><strong>θεῖ</strong></span> <span class='ocrx_word' id='word_1_240' title='bbox 1071 3709 1179 3799; x_wconf 81' lang='lat' dir='ltr'><strong>neque&#39;</strong></span> <span class='ocrx_word' id='word_1_241' title='bbox 1198 3714 1335 3798; x_wconf 83' lang='lat' dir='ltr'><strong>suspicor</strong></span> 
     </span>
     <span class='ocr_line' id='line_1_33' title="bbox 216 3812 1333 3899; baseline -0.004 -20"><span class='ocrx_word' id='word_1_242' title='bbox 216 3833 407 3898; x_wconf 87' lang='lat' dir='ltr'><strong>quemquam</strong></span> <span class='ocrx_word' id='word_1_243' title='bbox 429 3816 463 3880; x_wconf 89' lang='lat' dir='ltr'><strong>in</strong></span> <span class='ocrx_word' id='word_1_244' title='bbox 478 3815 678 3883; x_wconf 81' lang='lat' dir='ltr'><strong>dubitatione</strong></span> <span class='ocrx_word' id='word_1_245' title='bbox 693 3817 826 3895; x_wconf 87' lang='lat' dir='ltr'><strong>versari,</strong></span> <span class='ocrx_word' id='word_1_246' title='bbox 849 3823 953 3881; x_wconf 89' lang='lat' dir='ltr'><strong>utrum</strong></span> <span class='ocrx_word' id='word_1_247' title='bbox 969 3815 1030 3880; x_wconf 91' lang='lat' dir='ltr'><strong>boc</strong></span> <span class='ocrx_word' id='word_1_248' title='bbox 1045 3838 1064 3899; x_wconf 78' lang='grc' dir='ltr'><em>η</em></span> <span class='ocrx_word' id='word_1_249' title='bbox 1081 3835 1124 3879; x_wconf 89' lang='lat' dir='ltr'><strong>an</strong></span> <span class='ocrx_word' id='word_1_250' title='bbox 1138 3812 1220 3878; x_wconf 93' lang='lat' dir='ltr'><strong>illud</strong></span> <span class='ocrx_word' id='word_1_251' title='bbox 1236 3812 1333 3896; x_wconf 90' lang='lat' dir='ltr'><strong>priore</strong></span> 
     </span>
     <span class='ocr_line' id='line_1_34' title="bbox 216 3914 869 3994; baseline 0.008 -19"><span class='ocrx_word' id='word_1_252' title='bbox 216 3918 360 3994; x_wconf 85' lang='lat' dir='ltr'><strong>tempore</strong></span> <span class='ocrx_word' id='word_1_253' title='bbox 381 3920 491 3979; x_wconf 87' lang='lat' dir='ltr'><strong>natum</strong></span> <span class='ocrx_word' id='word_1_254' title='bbox 514 3934 586 3980; x_wconf 92' lang='grc' dir='ltr'>θεεθ</span> <span class='ocrx_word' id='word_1_255' title='bbox 607 3914 797 3981; x_wconf 89' lang='lat' dir='ltr'><strong>sumendum</strong></span> <span class='ocrx_word' id='word_1_256' title='bbox 819 3915 869 3980; x_wconf 90' lang='lat' dir='ltr'><strong>sit.</strong></span> 
     </span>
    </p>

    <p class='ocr_par' dir='ltr' id='par_1_13' title="bbox 301 4002 1332 4096">
     <span class='ocr_line' id='line_1_35' title="bbox 301 4002 1332 4096; baseline -0.005 -23"><span class='ocrx_word' id='word_1_257' title='bbox 301 4007 407 4086; x_wconf 80' lang='lat' dir='ltr'><strong>Quare</strong></span> <span class='ocrx_word' id='word_1_258' title='bbox 434 4030 476 4076; x_wconf 88' lang='lat' dir='ltr'><strong>no</strong></span> <span class='ocrx_word' id='word_1_259' title='bbox 504 4031 563 4077; x_wconf 93' lang='lat' dir='ltr'><strong>nos</strong></span> <span class='ocrx_word' id='word_1_260' title='bbox 592 4013 720 4095; x_wconf 90' lang='lat' dir='ltr'><strong>quidem</strong></span> <span class='ocrx_word' id='word_1_261' title='bbox 753 4031 908 4096; x_wconf 83' lang='lat' dir='ltr'><strong>negamus</strong></span> <span class='ocrx_word' id='word_1_262' title='bbox 937 4010 1066 4077; x_wconf 88' lang='lat' dir='ltr'><strong>atticam</strong></span> <span class='ocrx_word' id='word_1_263' title='bbox 1096 4009 1267 4075; x_wconf 84' lang='lat' dir='ltr'><strong>dialectum</strong></span> <span class='ocrx_word' id='word_1_264' title='bbox 1293 4002 1332 4070; x_wconf 90' lang='lat' dir='ltr'><strong>ad</strong></span> 
     </span>
    </p>
   </div>
   <div class='ocr_carea' id='block_1_10' title="bbox 0 0 1488 4866">
    <p class='ocr_par' dir='ltr' id='par_1_14' title="bbox 0 0 1488 4866">
     <span class='ocr_line' id='line_1_36' title="bbox 0 0 1488 4866; baseline 0 0"><span class='ocrx_word' id='word_1_265' title='bbox 0 0 1488 4866; x_wconf 95' lang='lat' dir='ltr'><strong> </strong></span> 
     </span>
    </p>
   </div>
  </div>
 </body>
</html>
