2986 4864
476 429 519 485 De
535 429 673 485 Alcmanis
684 399 789 498 ‘poetas
806 429 930 486 dialecto.
1201 428 1260 492 351

140 603 227 688 quod
241 565 347 666 ᾸΓΙΔ
360 649 389 666 ..
413 602 556 686 praebet,
579 603 794 671 accusativum
808 593 951 685 Ἀγιδών
973 583 1169 688 praetulerit.
1200 604 1265 672 Sed

139 706 329 778 πειθοῦς
351 700 387 766 fr.
412 703 462 766 62.

425 873 445 951 ξ
468 873 498 934 9.
542 871 599 935 De
621 869 835 936 vocalibus
859 894 870 934 ι
894 876 930 934 et
951 895 980 938 υ.

228 987 468 1071 Adjectivorum
491 989 672 1054 terminatio
686 1011 755 1064 -ιος
778 1007 835 1071 pro
850 1012 933 1066 -εος,
957 1007 1051 1070 quam
1074 989 1267 1055 contrahunt
1305 1017 1308 1024 r

141 1087 255 1168 Attici,
285 1106 326 1152 ex
348 1086 527 1168 antiquiore
550 1092 581 1150 et
603 1085 694 1169 epica
722 1085 824 1150 forma
845 1109 934 1164 -ειος
956 1093 1035 1153 nata
1057 1087 1265 1154 Doriensibus

142 1192 175 1252 et
197 1183 351 1250 Aeolibus
373 1183 548 1249 communis
571 1191 629 1250 est.
673 1183 824 1265 Legimus
846 1184 933 1266 apud
956 1184 1160 1248 Alcmenam:
1194 1179 1266 1264 ἀρ-

141 1277 289 1367 γύριον
320 1301 394 1364 pap.
419 1284 448 1345 2.
473 1284 529 1364 213
559 1278 822 1366 παγχρύσιος
850 1302 925 1364 pap.
949 1285 978 1347 2.
1003 1285 1059 1365 333
1087 1278 1265 1364 χρύσιον

141 1381 178 1446 fr.
204 1384 260 1461 39,
290 1377 408 1444 codicis
431 1379 456 1442 B
480 1377 638 1444 Athenaei
661 1379 832 1461 scriptura,
863 1380 977 1446 ceteris
996 1376 1154 1463 χρύσειον
1177 1396 1267 1460 prae·

101 1505 114 1519 ·
141 1477 301 1557 bentibus,
325 1475 410 1558 quod
425 1496 491 1541 non
506 1475 539 1540 in
555 1494 681 1541 versum
697 1475 843 1558 quadrat.
872 1476 938 1542 Sed
958 1474 1141 1561 χρύσεον
1160 1475 1198 1540 fr.
1215 1479 1266 1557 34,

142 1574 228 1659 quod
251 1575 361 1656 Bergk
383 1565 528 1638 mutarit.
573 1573 749 1640 Memoratu
773 1580 821 1640 est
843 1574 985 1656 dignum,
1009 1573 1094 1656 quod
1117 1573 1153 1637 ir.
1173 1576 1224 1637 60.
1248 1577 1266 1634 5

142 1679 232 1740 extat
253 1676 454 1756 πορφορῆ
462 1694 494 1748 ς,
518 1670 636 1754 quippe
659 1690 742 1753 quae
763 1669 985 1752 formansque
1003 1671 1114 1754 epicae
1137 1669 1267 1734 dialecti

142 1772 184 1837 sit
206 1773 444 1854 (πορφυρέης),
471 1787 575 1850 neque
598 1769 774 1834 eommunis
796 1773 1014 1854 (πορφυρᾶς),
1039 1768 1139 1834 multo
1162 1769 1267 1834 minus

142 1868 283 1933 Doricae
297 1866 500 1945 Aeolicaeve,
524 1885 607 1948 quae
629 1869 824 1950 πορφυρέας
847 1871 997 1948 poscunt3
1021 1884 1126 1947 neque
1141 1884 1159 1930 e
1174 1864 1267 1930 metri

142 1965 269 2032 ratione
291 1963 406 2030 certius
429 1962 602 2046 quidquam
626 1964 722 2029 statui
745 1968 859 2045 potest.
900 1962 1112 2045 conjecerunt
1134 1961 1267 2028 Schnei-

143 2063 251 2129 dewin
274 2065 488 2146 πορφυρέης,
515 2061 624 2143 Bergk
646 2064 860 2145 πορφυρέας;
889 2059 1058 2143 Westphal
1081 2061 1114 2124 in
1137 2060 1286 2126 metrico·

143 2161 226 2226 libro
255 2159 317 2224 hoc
344 2159 556 2241 fragmentum
579 2157 717 2224 afferens
739 2158 847 2223 scribit
869 2162 1075 2245 πορφυρέας.
1097 2194 1139 2204 -
1161 2158 1268 2224 Notis·

142 2259 257 2326 simum
287 2262 336 2322 est
363 2255 556 2320 Laconicum
587 2253 675 2332 συὸς,
706 2255 791 2336 quod
813 2255 846 2320 in
869 2255 1048 2339 Lysistrata
1075 2255 1268 2338 compluries

143 2355 289 2421 occurrit.
319 2353 358 2417 In
376 2351 584 2435 inscriptione
606 2353 714 2417 votiva
730 2354 912 2418 Plataeensi
934 2352 1055 2418 vocalis
1077 2373 1142 2418 non
1165 2359 1269 2435 potest

143 2453 225 2535 legi:
264 2453 304 2533 Θ
321 2452 396 2528 cO.
441 2450 665 2516 Heracleensis
689 2450 844 2516 dialectus
871 2450 1011 2516 ostendit
1026 2473 1068 2515 e:
1107 2451 1181 2534 θεῷ
1204 2452 1268 2516 tab.

143 2549 220 2615 Her.
251 2547 358 2612 1127.
403 2545 514 2612 Cretes
542 2566 618 2612 vero
648 2545 729 2623 θιὸς
758 2548 1022 2630 pronuntiabant,
1058 2563 1140 2627 quae
1166 2546 1269 2611 forma

143 2646 242 2713 etiam
265 2645 416 2710 Boeotico
444 2651 502 2710 est.
547 2645 596 2708 De
623 2644 813 2726 antiquitate
841 2645 937 2726 bujus
965 2643 1151 2708 mutationis
1179 2643 1268 2707 dubi-

143 2744 207 2810 tari
241 2747 357 2826 potest.
400 2741 495 2825 Apud
525 2743 712 2808 Alcmanem
747 2747 829 2806 σαῦυ
860 2761 935 2825 pap.
957 2745 986 2834 2.
1019 2744 1053 2822 2,
1088 2734 1268 2825 ἡμισέων
1313 2819 1316 2824 ¹

144 2861 221 2926 pap.
249 2844 275 2902 1.
299 2842 328 2903 7.
374 2840 546 2921 Vulgarem
570 2840 702 2904 formam
726 2839 857 2904 exhibet
878 2840 915 2902 ir.
940 2842 980 2903 34
1002 2843 1142 2918 θεοῖς,
1173 2856 1269 2919 quam

127 2937 231 3022 'quod
258 2956 324 3002 non
358 2937 550 3004 trochaicam
584 2936 682 3002 babet
713 2955 911 3017 mensuram,
937 2935 1084 3002 editores
1112 2936 1146 3000 iu
1173 2938 1271 3000 θοοῖ-

145 3060 200 3102 οιυ
224 3040 397 3100 mutarunt.
420 3069 462 3080 -
485 3035 650 3101 Vocalium
669 3057 714 3099 εα
738 3034 911 3100 contractio
934 3036 987 3101 vel
1010 3033 1116 3117 potius
1137 3031 1270 3098 mutatio

143 3134 178 3198 in
202 3157 242 3198 ιω
267 3133 508 3198 communisset
522 3133 695 3207 Laconum,
719 3132 991 3213 Heracleensium,
1015 3131 1215 3198 Cretensium
1237 3131 1270 3195 in

144 3227 362 3297 declinatione
394 3229 574 3296 verborum.
632 3231 796 3312 Leguntur
828 3230 861 3295 in
895 3229 942 3296 tit.
976 3231 1051 3294 Lac.
1086 3229 1201 3296 Leakii
1230 3233 1267 3292 71

145 3326 315 3409 ἀνιοχίιου,
345 3327 378 3391 in
401 3327 534 3410 Lysistr.
559 3325 704 3392 ἐπαινίω
731 3329 799 3409 198,
829 3322 999 3408 ὑμνίωμες
1024 3329 1104 3391 1305
1128 3327 1206 3408 alia,
1234 3325 1269 3388 in
1333 3369 1335 3373 -

144 3426 209 3491 tab.
234 3424 360 3491 Heracl.
383 3421 524 3488 ἀδικίου
551 3426 567 3488 Ι
593 3428 667 3506 138,
697 3425 807 3488 ποΐωυ
829 3424 845 3486 Ι
870 3427 930 3488 175
953 3425 1033 3505 alia3
1064 3422 1190 3489 Cretica
1214 3445 1271 3487 κο-

146 3527 304 3605 ομίουυες
327 3541 353 3587 c.
377 3521 397 3585 i.
421 3521 460 3588 G.
484 3525 566 3586 3049
589 3522 665 3588 alia.
699 3520 737 3586 cf.
761 3519 837 3584 Ahr.
860 3519 890 3584 d.
908 3519 947 3612 d,
962 3521 1001 3584 D.
1025 3523 1085 3583 207
1103 3539 1171 3601 sqq.
1210 3519 1272 3584 Ne·

146 3639 208 3704 que
241 3627 360 3686 tamen
382 3639 422 3686 ex
452 3621 514 3686 hac
545 3638 581 3685 re
613 3618 825 3700 consequitur,
859 3617 1034 3699 antiquitus
1067 3636 1138 3682 eam
1172 3615 1271 3680 tuisse

145 3718 316 3784 severioris
334 3717 463 3783 Doridis
486 3716 724 3799 proprietatem,
748 3734 830 3797 quae
853 3721 966 3797 postea
988 3715 1021 3780 in
1044 3713 1178 3798 singulis
1201 3712 1290 3796 ejus·

147 3815 294 3884 dialectis
316 3814 391 3880 oriri
413 3815 531 3898 potuit,
555 3833 660 3896 neque
682 3813 727 3879 rei
750 3819 865 3878 natura
887 3812 948 3877 boc
971 3812 1085 3894 exigit,
1112 3830 1182 3876 cum
1206 3830 1271 3875 non

146 3933 187 3979 ex
204 3912 436 3994 antiquissimis
458 3911 568 3978 formis
589 3911 623 3976 in
648 3910 707 3994 ajo
730 3909 921 3976 exeuntibus
943 3910 1063 3976 vocalis
1087 3934 1098 3973 ι
1121 3915 1198 3973 nata
1219 3909 1270 3973 sit.

147 4009 335 4081 Alcmanica
349 4010 530 4092 fragmenta
543 4009 695 4092 ignorant
716 4008 799 4072 hunc
814 4006 1053 4072 Laconismum:
1081 4003 1271 4072 αἰυέουυι
