2986 4864
467 447 509 504 De
526 449 665 504 Alcmanis
682 453 780 519 poetae
797 451 923 506 dialecto.
1198 455 1256 516 371

134 622 267 717 dignum
293 631 357 700 est,
387 621 587 703 grammatici
610 623 811 708 praecipiunt
838 625 899 690 hac
921 626 1023 690 forma
1051 635 1179 711 poetam
1202 651 1262 714 pro

133 721 282 785 vocativo
305 738 394 785 usum
412 738 492 785 csse.
523 717 594 798 Qua
609 720 650 785 de
664 741 700 786 re
721 721 781 786 viri
804 719 888 787 docti
911 723 1154 791 dissentiebant.
1186 727 1260 794 Non

133 819 203 882 vult
225 817 321 882 fidem
343 817 483 882 tribuere
505 815 578 881 huid
595 817 778 884 testimonio
793 818 969 886 Buttmann
984 822 1017 887 in
1040 825 1259 905 grammatica,

133 935 204 980 cum
234 914 291 978 alii
321 913 512 996 conjecturis
542 912 761 981 difficultatem
791 918 906 984 tollere
936 919 1086 985 studeant
1113 923 1261 998 (Dronke

134 1009 318 1097 οὐρανόφι,
352 1011 498 1092 Hartung
526 1012 578 1075 τὶν
608 1007 827 1098 ὠρανίαφιν),
860 1014 937 1080 mihi
970 1022 1056 1082 recte
1086 1016 1261 1085 defendere

133 1110 265 1200 videtur
275 1111 403 1176 Abrens
425 1109 703 1188 grammaticorum
716 1110 883 1195 judicium,
907 1132 1099 1195 quamquam
1115 1135 1166 1181 res
1181 1117 1261 1180 satis

133 1207 215 1274 mira
238 1213 297 1274 est.
342 1207 455 1288 Neque
478 1205 628 1270 Doricum
659 1212 722 1288 est,
753 1207 812 1274 sed
840 1209 965 1292 poetice
994 1209 1100 1276 fictum
1123 1213 1164 1276 ab
1188 1212 1260 1277 Alc-

134 1325 229 1370 mane
245 1304 422 1370 Homericis
438 1303 595 1386 exemplis
616 1303 795 1370 insolenter
815 1306 927 1388 abuso,
950 1326 1043 1389 quem
1066 1306 1107 1373 ad
1130 1308 1259 1373 modum

133 1402 267 1486 Ibycum
291 1402 425 1485 lyricum
448 1401 617 1466 verborum
647 1402 771 1467 tertiam
803 1422 886 1487 pers.
910 1406 991 1487 sing.
1015 1423 1119 1489 praes.
1144 1413 1203 1470 aet.
1226 1407 1260 1470 in

133 1521 210 1585 -ησι
233 1506 403 1564 exeuntem
425 1499 580 1563 formasse
602 1500 803 1580 grammatici
825 1501 1006 1584 perhibent.

220 1596 315 1660 Duali
344 1615 475 1660 numero
506 1596 679 1661 Dorienses
705 1598 804 1660 multo
834 1599 936 1680 rarius
964 1599 1012 1663 usi
1042 1605 1129 1680 sunt,
1164 1619 1259 1680 quam

133 1694 240 1760 Attici.
286 1695 324 1758 ln
348 1693 535 1758 Alcmanico
558 1692 595 1756 ir.
621 1695 658 1754 12
688 1691 814 1758 codices
836 1693 920 1759 inter
943 1693 1071 1759 dualem
1095 1693 1259 1760 ἱππότα
1313 1755 1317 1763 .

135 1789 255 1877 σοφώ
279 1797 310 1855 et
338 1791 495 1874 pluralem
527 1786 712 1853 ἱππόται
735 1793 865 1876 σοφοί
886 1789 1056 1873 fluctuant,
1088 1791 1146 1856 sed
1175 1791 1260 1857 bunc
1353 1849 1358 1860 .

134 1907 301 1954 numerum
325 1889 433 1970 Bergk
456 1887 568 1952 merito
590 1886 752 1968 praetulit.

220 1987 435 2068 Augmentum
460 2005 523 2049 non
546 1984 648 2065 magis
664 2003 683 2046 a
699 1983 909 2048 Doriensibus
923 1983 1082 2066 abjicitur,
1106 2003 1200 2067 quam
1217 1971 1259 2050 ab
1327 2012 1335 2018 ’
1410 1962 1413 1967 ’

133 2083 263 2165 Atticis;
287 2083 439 2148 differunt
454 2083 515 2146 bac
531 2099 567 2145 re·
582 2100 645 2144 non
668 2081 758 2163 ipsae
778 2080 916 2160 dialecti,
940 2081 996 2145 sed
1020 2087 1067 2146 est
1089 2080 1259 2147 discrimen

133 2183 280 2264 poeticae
303 2187 335 2245 et
363 2199 478 2263 prosae
501 2178 653 2243 orationis
676 2179 717 2242 ab
741 2177 839 2260 epicis
862 2177 1056 2242 carminibus
1078 2179 1257 2260 repetitum.

134 2277 231 2362 Apud
263 2279 450 2343 Alcmanem
489 2284 594 2340 autem
631 2280 853 2357 augmentum,
875 2277 1062 2359 plerumque
1097 2283 1259 2341 servatur:

135 2374 306 2462 ἠράσθη
323 2376 360 2438 ir.
378 2379 428 2455 33,
445 2363 600 2460 ἦσκείτ.
617 2375 668 2451 72,
685 2368 892 2457 pdtpocfr.
910 2375 960 2438 82.
983 2407 1024 2418 -
1048 2370 1258 2438 ἐδάσσατο

132 2474 170 2538 fr.
195 2476 247 2552 69,
279 2469 438 2538 dacter
460 2471 497 2534 ir.
522 2472 572 2550 68,
600 2467 727 2555 ἔσηκε
750 2469 788 2532 ir.
811 2472 862 2549 76,
892 2466 1033 2548 ἔδειξε
1056 2469 1093 2533 ir.
1117 2474 1173 2553 373
1202 2471 1260 2536 sed

133 2577 245 2636 carent
270 2574 443 2651 augmento
473 2565 645 2649 syllabico:
675 2563 814 2630 πάσον
836 2586 912 2649 pap.
935 2569 964 2629 2.
991 2571 1023 2645 1,
1051 2570 1145 2632 τέκε
1168 2567 1205 2630 f.
1230 2570 1259 2645 8,

134 2673 257 2733 acceo
281 2661 644 2742 (=exetao)fr.141.
677 2661 806 2726 66666
828 2662 866 2727 tr.
883 2667 923 2728 aa
946 2663 1018 2736 (nisi
1041 2650 1146 2728 αῧσαν
1169 2681 1261 2746 prae-
1381 2711 1385 2720 .

134 2763 322 2848 optandum,
345 2763 416 2828 cod.
432 2763 558 2837 λῦσαν).
596 2759 670 2824 Alia
692 2760 861 2825 incertiora
882 2760 1174 2842 praetermittimus.

219 2861 461 2943 Adjectivorum
484 2859 516 2922 in
540 2881 597 2934 -6ς
613 2857 835 2940 ,comparativi
863 2856 896 2922 in
921 2879 1078 2941 -εστερος
1107 2864 1260 2922 exeuntes

134 2959 264 3043 saepius
290 2956 376 3041 apud
399 2955 532 3021 Doricos
562 2961 673 3038 poetas
700 2956 858 3040 leguntur,
889 2973 930 3019 ex
952 2955 1109 3021 Alcmana
1130 2955 1260 3021 affertur

135 3058 185 3122 ut.
209 3057 251 3121 M.
275 3060 346 3136 420,
371 3060 411 3118 50
434 3049 738 3135 ἡδυμέστατος.

221 3152 277 3232 Iis,
301 3172 382 3234 quae
406 3151 447 3216 de
468 3144 632 3214 nominum
649 3155 681 3216 ct
696 3150 864 3215 verborum
881 3149 1097 3216 declinatione
1112 3147 1260 3230 diximus,

135 3249 330 3332 paucissima
351 3249 448 3313 liceat
469 3247 647 3330 adjungere
670 3247 711 3312 de
737 3247 868 3330 reliquis
890 3266 1002 3312 vocum
1025 3246 1207 3329 generibus.

221 3346 310 3427 Inter
338 3345 593 3428 praepositiones
621 3344 761 3409 maxime
789 3365 809 3408 a
836 3344 961 3425 vulgari
990 3345 1113 3407 ratione
1142 3341 1262 3407 recedit

135 3441 227 3509 πεδὰ
241 3461 308 3525 ¹pro
329 3441 424 3524 μετὰ,
448 3441 534 3525 qnod
548 3441 635 3524 apud
651 3441 769 3506 Aeolus
787 3439 915 3520 saepius
936 3439 1050 3521 legitur
1065 3456 1170 3520 neque
1185 3456 1261 3502 vero

136 3561 157 3606 a
179 3538 301 3605 Doride
328 3541 470 3605 alienum
494 3545 552 3604 est.
597 3538 635 3602 ln
664 3557 788 3621 papyro
817 3542 925 3600 nostro
949 3543 978 3601 2.
1001 3539 1041 3598 24
1071 3539 1160 3599 extat
1181 3533 1262 3598 baec

136 3638 240 3702 forma
270 3633 376 3716 πεδ’,
408 3637 526 3703 deinde
554 3633 662 3700 πεδὰ
691 3635 727 3701 ir.
751 3637 808 3714 33,
838 3629 1085 3697 rra‘dcocuir.
1108 3634 1149 3693 74
1179 3629 1260 3708 (cod.

136 3732 307 3804 rrc'dcuctl·
1109 3757 1112 3762 ·

223 3833 284 3896 Pro
308 3829 416 3896 Attica
440 3831 598 3913 particula
627 3826 667 3895 ἄν
694 3829 728 3894 in
751 3827 872 3894 Doride
898 3826 987 3891 valet
1013 3822 1055 3890 κὰ
1078 3821 1149 3888 κάν.
1194 3822 1263 3887 Hoc

138 3936 227 3995 extat
248 3928 335 4011 apud
359 3928 562 3993 Alcmanem:
585 3928 622 3992 ir.
646 3931 686 3994 33
711 3923 756 3991 κ’.
800 3923 866 3990 Sed
888 3919 929 3987 ἄν
951 3921 1001 3987 bis
1022 3921 1173 3986 traditum
1198 3925 1262 3986 est:

135 4028 173 4093 ir.
191 4030 232 4091 42
255 4031 307 4103 τίς
330 4020 380 4104 dv,
404 4025 581 4107 quodcum
605 4045 670 4090 non
692 4023 870 4108 spondeum
892 4019 1005 4098 iaciat,
1036 4038 1128 4100 quem
1151 4037 1263 4083 versus

1007 4120 1060 4171 24*
