2986 4864
249 396 311 456 410
773 396 850 464 Ruga

377 571 410 636 in
433 577 572 636 nostrast
594 570 688 636 domo
712 570 910 637 thensaurus.
940 571 1056 636 Pseud.
1074 573 1124 636 84.
1161 573 1267 649 (meae
1290 571 1372 637 domi

249 673 282 735 te
303 667 468 753 accipiam.
501 668 567 734 Mil.
591 671 675 741 739.)

377 766 409 831 in
433 765 576 848 germani
600 765 706 832 fratris
729 766 808 829 loeo.
842 767 915 831 Ter.
939 765 1040 830 Andr.
1065 763 1135 830 292.
1290 815 1294 826 .

376 863 410 928 in
433 863 507 928 totis
528 863 664 930 aedibus
687 862 841 929 tenebrae
863 869 946 928 sunt.
983 863 1081 930 Poen.
1105 863 1160 945 IV,
1184 866 1214 945 2,
1242 867 1291 927 12.

333 961 393 1028 Hie
414 960 592 1026 notandum
615 967 663 1028 est
685 961 818 1026 verbum
841 959 923 1034 ilico,
952 959 1038 1042 quod
1061 979 1102 1026 ex
1124 961 1155 1022 in
1179 959 1249 1023 loeo
1274 967 1373 1026 ortum

247 1078 319 1126 esse
348 1065 434 1125 reete
462 1057 626 1142 statuitur,
663 1065 759 1141 atque
788 1079 884 1125 sensu
918 1058 1013 1123 looali
1041 1057 1221 1124 invenitur:
1256 1070 1374 1138 monete

248 1159 330 1222 r'lr'oo.
365 1155 457 1222 ano.
482 1156 562 1220 Stat.
591 1160 658 1222 118.
689 1156 805 1220 Baoeh.
833 1160 922 1220 1140.

333 1254 403 1333 Quo
425 1251 560 1318 ablativi
582 1272 641 1318 nsu
663 1255 856 1336 perlustrato
880 1251 1004 1317 ooeasio
1026 1251 1137 1316 oblata
1158 1251 1375 1319 videturesse

248 1351 427 1418 sententiae
443 1369 538 1432 quam
553 1369 656 1432 nuper
671 1351 909 1416 Maximilianus
925 1349 1099 1414 Muellerus
1116 1350 1240 1426 (Fleelr.
1264 1349 1374 1416 Jahrb.

236 1437 268 1514 l.
286 1448 400 1514 Philol.
427 1449 507 1512 1875
530 1466 603 1531 pag.
621 1451 700 1532 6893
723 1447 761 1513 el.
787 1449 904 1529 Bergk,
929 1447 1025 1512 Beitr.
1049 1446 1076 1525 Ι,
1103 1451 1152 1524 10)
1177 1445 1219 1511 de
1241 1445 1374 1510 ablativi

247 1544 439 1630 dprotulit,
469 1544 714 1610 examinandae.
745 1581 787 1592 —
817 1545 965 1609 Dietione
988 1544 1072 1609 enim
1096 1543 1169 1623 tali,
1199 1544 1307 1625 qualis
1329 1551 1374 1609 est

249 1645 281 1706 r'a
304 1642 525 1716 adoriamur,
549 1641 606 1726 ille
628 1663 768 1726 unquam
785 1644 946 1708 Romanos
968 1660 1042 1707 usos
1066 1660 1138 1706 esse
1160 1647 1278 1725 negat,
1302 1642 1374 1724 quia

247 1741 316 1808 dei
338 1747 462 1807 tanturn
485 1739 627 1804 ablativo
649 1729 829 1820 eonueniat,
854 1739 905 1822 qni
930 1737 1086 1823 profieisoi
1106 1739 1148 1803 ab
1172 1733 1292 1821 aliquo
1307 1739 1372 1804 loeo

245 1838 404 1922 signifioet
425 1836 474 1916 (ab
490 1837 578 1900 oltorl
598 1837 723 1912 meridi.
755 1839 795 1902 Et
818 1837 878 1902 hoo
897 1836 1026 1919 quidem
1043 1843 1169 1902 oonstat
1191 1836 1372 1901 eolumnam

246 1942 426 2016 rostratam,
449 1934 503 2000 ubi
526 1935 634 2017 plures
656 1933 837 2001 huiusmodi
858 1933 980 2000 formae
1001 1935 1160 2017 leguntur,
1184 1941 1372 2016 argumento

247 2054 311 2098 non
335 2052 421 2115 esso,
444 2053 520 2097 nam
537 2030 672 2097 Claudio
687 2021 880 2115 imperatore
895 2033 951 2097 ille
973 2030 1084 2096 titulus
1107 2031 1213 2096 denuo
1237 2031 1372 2116 seriptus

247 2137 305 2213 est,
329 2149 391 2213 quo
413 2135 556 2212 tempore
579 2129 629 2195 vel
653 2129 828 2195 doetissimi
851 2129 1007 2210 homines,
1030 2129 1061 2192 in
1084 2147 1220 2210 quorum
1242 2149 1371 2197 numero

246 2227 463 2306 Quintilianus
481 2226 518 2307 (I,
535 2229 564 2306 7,
584 2230 635 2302 ll)
657 2233 714 2306 est,
737 2226 938 2308 ignorabant,
962 2225 1044 2290 illud
1058 2225 1081 2288 d
1093 2225 1250 2308 quidsibi
1267 2229 1371 2310 vellet,

245 2323 342 2388 immo
365 2323 449 2388 hano
471 2328 698 2388 eonsonantem
715 2324 959 2408 exscriptorum
982 2322 1113 2389 lieentia
1134 2322 1281 2389 additam
1305 2345 1371 2392 esse

245 2421 412 2506 putabant.
442 2421 579 2492 ¹Pariter
600 2427 707 2486 autem
731 2422 902 2487 Muellems
931 2421 1013 2485 illud
1039 2423 1371 2489 senatusconsultum

245 2520 287 2585 de
310 2517 581 2598 Baoohanalibus,
611 2518 665 2583 ubi
688 2519 720 2583 in
747 2518 882 2584 ablativi
905 2517 1063 2602 exemplis
1086 2517 1236 2585 omnibus
1258 2521 1282 2583 d
1301 2521 1373 2588 sori·

246 2617 331 2682 bitur·
359 2618 402 2695 (io
425 2615 608 2701 equoltod),
638 2615 801 2698 repudiat,
824 2635 1012 2681 sermonem
1035 2616 1130 2681 huius
1152 2616 1287 2685 tabulae
1309 2639 1370 2685 non

245 2715 357 2800 populi
371 2713 515 2796 Romani,
539 2712 596 2779 sed
612 2714 786 2779 soribarum
810 2731 881 2780 esse
896 2721 993 2796 ratus,
1018 2712 1103 2796 quod
1126 2712 1257 2795 quidem
1275 2717 1370 2782 verba

244 2814 277 2875 io
293 2831 371 2895 apro
391 2813 536 2875 Teurono
557 2812 591 2875 in
607 2810 670 2876 fine
692 2811 797 2894 posita
813 2809 1080 2876 demonstrarent.
1112 2809 1231 2875 Verum
1248 2813 1369 2879 etiamsi

244 2910 335 2974 illum
359 2929 554 2991 sermonem,
584 2929 645 2991 quo
675 2908 800 2974 soribae
823 2908 872 2973 usi
895 2916 983 2989 sunt,
1013 2907 1244 2992 antiquiorem,
1273 2917 1309 2977 ut
1329 2912 1370 2976 ita

245 3005 359 3084 dicam,
378 3003 570 3069 Kuozlerhtr'l
582 3005 681 3072 luisse
697 3004 911 3086 eonoedimus,
934 3013 1043 3073 tamen
1059 3005 1145 3072 unde
1160 3006 1210 3070 illi
1225 3007 1369 3074 homines

244 3101 426 3183 hauserint,
456 3102 640 3182 quaeritur?
673 3108 758 3168 oerte
781 3103 866 3168 enim
889 3104 1030 3186 antiquis
1057 3102 1184 3188 seriptis
1207 3111 1241 3170 et
1264 3125 1369 3170 monu-

244 3198 361 3265 mentis
384 3217 466 3281 quae
488 3206 697 3281 sequerentur
718 3201 767 3266 usi
790 3206 880 3282 sunt,
912 3206 1008 3284 atque
1030 3201 1153 3266 scribae
1183 3202 1368 3286 plerumque

244 3296 394 3381 antiquas
417 3303 449 3363 et
464 3295 626 3362 obsoletas
640 3295 758 3363 formas
773 3298 922 3378 retinent,
945 3319 1010 3364 non
1026 3316 1127 3363 novas
1149 3297 1212 3363 sibi
1235 3300 1368 3384 fingunt.

268 3409 271 3416 ‘
329 3393 435 3473 Quare
457 3394 630 3461 Muellerus
659 3395 693 3460 in
718 3395 780 3460 hae
808 3414 843 3461 re
871 3395 1120 3479 pervestiganda
1141 3403 1263 3462 reetam
1286 3399 1367 3464 viam

243 3514 308 3559 non
330 3492 454 3574 ingredi
483 3491 562 3557 mihi
583 3491 717 3558 videtur.
743 3492 947 3558 'Ablativum
971 3494 1054 3559 enim
1085 3493 1214 3559 loeativi
1238 3513 1368 3561 munere

242 3590 332 3673 fungi
360 3609 426 3655 non
455 3590 586 3656 minime
615 3610 653 3656 eo
682 3589 888 3672 efficiebatur,
918 3591 1003 3674 quod
1031 3592 1209 3656 nonnullae
1238 3611 1367 3658 easuum

243 3687 365 3754 formae
387 3687 419 3752 in
443 3707 540 3752 unum
563 3686 785 3753 oonfluxerant
807 3687 857 3766 (of.
881 3707 954 3771 pag.
979 3691 1051 3753 392.
1075 3692 1166 3770 408);
1190 3688 1222 3752 in
1246 3689 1367 3773 primae

242 3792 349 3851 autem
380 3792 413 3851 et
437 3783 612 3864 secundae,
642 3803 725 3867 qnae
754 3789 910 3849 vooantnr
933 3784 1157 3852 deelinationis
1185 3788 1367 3852 nominibus

243 3888 410 3963 praeterea
432 3882 517 3964 aliae
538 3882 666 3948 luerunt
686 3899 812 3961 oausae,
835 3882 869 3946 in
891 3883 1006 3964 quibus
1027 3889 1205 3949 ceterarum
1229 3883 1367 3950 deelina-

242 3975 363 4041 tionum
391 3979 541 4062 analogia
571 3999 636 4045 non
664 3979 797 4044 minima
825 3981 893 4046 fnit.
943 3981 1026 4046 Nam
1056 3988 1225 4064 postquam
1258 3983 1365 4048 variae
