2968 4866
110 465 114 475 ·
245 427 307 489 284
752 430 886 486 Schrader

244 608 380 685 constat,
403 609 460 669 aut
479 602 643 687 repudiari
664 611 721 670 aut
735 605 873 672 coerceri
895 624 1046 671 unacum
1062 605 1237 672 Leskienio
1259 609 1303 690 (p.
1319 611 1375 685 23)

244 719 338 784 nego.
382 701 460 768 Sine
489 701 588 767 dubio
617 702 702 768 enim
728 709 761 768 et
781 700 914 787 μάκαρς
943 723 1001 787 pro
1023 700 1135 787 μάκαρ
1159 710 1193 772 et
1214 708 1292 788 χέρς
1315 726 1376 790 pro

241 794 326 882 χείρ,
346 796 410 884 χήρ
434 799 610 866 recentiore
627 798 754 868 demum
770 805 914 885 tempore
935 802 1024 885 apud
1039 801 1181 867 Graecos
1196 808 1268 868 orta
1289 811 1375 884 sunt,

244 913 316 962 oum
344 898 539 981 autlingua
566 898 673 964 littera
696 920 717 964 o
737 898 830 982 stirpi
858 898 972 965 addita
993 919 1111 965 novum
1139 900 1375 967 nominativum

243 994 419 1062 vetustiore
456 995 687 1064 distinctiorem
724 996 876 1063 formaret
920 996 972 1076 (cl.
1008 998 1173 1081 Brugman
1207 997 1293 1063 stud.
1326 999 1376 1066 IX

244 1095 316 1174 403,
335 1095 410 1170 404)
431 1101 487 1159 aut
508 1095 629 1161 vocalis
650 1095 761 1178 aliqua
781 1095 865 1161 luter
887 1114 1046 1162 consonas
1068 1119 1088 1180 ρ
1110 1102 1144 1161 et
1167 1117 1189 1161 σ
1210 1095 1375 1178 quondam

243 1190 350 1273 posita
363 1191 528 1258 excideret
549 1193 599 1269 (el.
613 1197 693 1277 χέρς
715 1213 757 1260 ex
771 1217 892 1277 χερι-ς,
915 1191 1047 1277 μάκαρς
1069 1213 1110 1258 ex
1125 1195 1375 1276 μακαρο-ςθ».

329 1288 387 1356 His
403 1290 557 1373 expositis
578 1290 643 1357 iam
666 1291 785 1358 adeas
806 1292 895 1375 ipsas
910 1291 1114 1374 quaestiones
1136 1290 1268 1374 prodire
1290 1292 1374 1375 licet,

244 1383 286 1451 de
308 1387 423 1468 quibus
444 1387 476 1452 in
500 1388 561 1454 hoc
582 1389 695 1456 libello
717 1389 858 1458 maxime
873 1389 988 1474 agitur.
1024 1389 1116 1455 Prior
1137 1394 1246 1454 autem
1265 1389 1374 1471 oritur,

239 1491 353 1566 palor,
381 1485 522 1568 palmeo,
553 1487 707 1572 dysqcaor
733 1489 793 1554 illa
821 1493 926 1553 utrum
949 1487 1046 1553 etiam
1074 1487 1202 1571 primo
1230 1487 1304 1552 illo
1335 1488 1374 1552 in

244 1580 485 1667 Graecorum
508 1603 692 1652 sermone
712 1585 857 1652 vocalem
872 1597 891 1649 o
905 1584 1107 1653 servaverint
1120 1603 1235 1666 necne,
1257 1585 1375 1651 altera:

243 1698 320 1761 qua
341 1679 408 1746 via
429 1681 499 1747 sive
520 1683 664 1764 quibus
687 1684 734 1751 de
757 1685 894 1752 causis
915 1682 949 1750 in
971 1683 1037 1749 illis
1052 1683 1237 1749 nominibus
1259 1693 1280 1746 o
1301 1683 1335 1747 in
1355 1708 1373 1769 η

242 1784 397 1845 mutatum
420 1780 608 1846 sumendum
631 1781 681 1847 ait.

328 1877 398 1941 Iam
431 1877 492 1943 hoc
525 1879 713 1962 saepissime
744 1878 811 1946 fieri
845 1881 943 1961 solet,
977 1886 1012 1945 ut
1043 1879 1102 1944 viri
1136 1876 1223 1943 docti
1250 1877 1375 1944 latinae

244 1982 277 2041 et
304 1995 441 2058 graecae
469 1977 601 2059 linguae
628 1978 690 2059 hac
718 1979 752 2043 in
779 1997 815 2045 re
836 1973 1048 2045 similitudine
1075 1975 1222 2060 perducti
1253 1974 1374 2041 formas

243 2079 277 2138 ut
296 2082 397 2157 paler,
419 2075 542 2158 poemen
557 2081 616 2142 etc.
639 2076 703 2142 iam
727 2077 757 2144 ei
779 2077 915 2160 tempori
936 2076 1171 2156 tribuantque
1194 2091 1373 2156 europaeas

243 2179 356 2254 gentes
378 2170 419 2236 ab
448 2171 591 2239 asiaticis
619 2172 796 2242 disiunctas
818 2175 1039 2241 communibus
1061 2172 1193 2240 sedibus
1223 2170 1309 2237 inter
1338 2190 1373 2237 se

243 2269 429 2335 coniunctas
451 2269 573 2336 vixisse
595 2268 714 2337 dicunt.
765 2273 823 2355 nt,
853 2279 889 2337 ut
911 2270 952 2338 de
974 2271 1048 2338 aliis
1069 2278 1212 2351 taceam,
1241 2268 1373 2335 obstant

243 2367 301 2432 tali
317 2366 496 2433 sententiae
517 2369 722 2452 germanicae
744 2369 857 2436 horum
872 2371 1037 2436 nominum
1060 2367 1193 2445 formae,
1216 2385 1299 2449 quas
1314 2385 1371 2432 suo

242 2464 311 2531 iure
338 2465 533 2532 Leskienius
566 2472 609 2551 (p.
639 2472 690 2534 20.
720 2471 773 2545 24)
806 2468 849 2534 ad
886 2465 1024 2551 *fidem
1053 2463 1215 2539 *laneas
1231 2487 1299 2532 non
1327 2467 1369 2532 ad

242 2561 372 2645 *sadec
392 2562 519 2627 *lanea
534 2565 667 2631 reducit.
705 2565 799 2645 Quod
813 2573 920 2632 autom
935 2565 1139 2648 Bragmanus
1153 2584 1257 2647 nuper
1273 2564 1368 2645 (sard.
1482 2645 1483 2648 Ἴ

242 2661 292 2727 IX
316 2665 389 2741 378)
422 2660 547 2745 *faddr
575 2655 711 2747 primam
734 2664 966 2730 Germanorum
995 2661 1128 2728 formam
1151 2663 1281 2745 statuit,
1311 2663 1369 2728 hoc
1482 2653 1483 2677 ¹

242 2761 358 2844 quibus
380 2759 421 2827 de
444 2762 549 2828 causis
571 2762 613 2828 sit
633 2761 767 2843 lactum,
791 2762 909 2829 nescio.

328 2859 396 2924 Hoc
424 2879 465 2926 ex
494 2860 638 2944 cognatis
666 2860 785 2944 linguis
812 2859 961 2944 cognosci
988 2863 1112 2942 potest:
1143 2857 1303 2940 reliquum
1329 2878 1366 2925 ex
1481 2857 1482 2939 ζ

241 2955 314 3039 ipsa
334 2975 451 3039 graeca
465 2958 577 3041 lingua
590 2959 766 3042 petendum
789 2965 846 3024 est.
884 2956 1024 3040 Insignis
1040 2955 1125 3022 enim
1141 2956 1233 3023 olens
1248 2957 1364 3036 titrrlus,

242 3071 336 3135 quem
370 3073 467 3138 supra
498 3055 653 3140 diximus,
687 3056 865 3122 inauditam
898 3054 1004 3121 adhuc
1032 3053 1167 3120 formam
1197 3043 1308 3141 πατέρ
1334 3055 1364 3118 iu

242 3151 346 3217 lucem
376 3154 518 3235 protulit.
562 3155 667 3238 Atque
695 3154 848 3220 confiteor
875 3173 928 3219 me
956 3152 1081 3218 formae
1102 3151 1150 3215 illi
1179 3150 1277 3218 fidem
1299 3169 1364 3219 esse

241 3249 484 3333 abrogantem,
514 3252 540 3318 si
565 3272 605 3319 ex
626 3253 748 3336 reliquo
776 3251 860 3318 tituli
889 3250 977 3316 illius
1004 3267 1151 3315 sermone
1174 3249 1313 3333 suspicio
1333 3249 1362 3312 in

242 3366 312 3414 eam
335 3348 456 3414 moveri
480 3357 597 3432 posset.
642 3350 721 3416 Cum
742 3356 850 3416 tamen
875 3367 926 3416 res
947 3349 1022 3413 talis
1044 3348 1100 3427 sit,
1129 3351 1165 3411 ut
1188 3346 1362 3430 ubicunque

241 3456 340 3531 apro
362 3470 382 3532 η
406 3446 538 3530 legitur,
567 3447 647 3513 illud
675 3448 719 3514 ad
740 3454 882 3514 veterem
903 3447 1050 3512 vocalem
1075 3454 1094 3508 o
1115 3442 1228 3509 referri
1257 3442 1360 3529 possit,

240 3551 353 3610 eontra
378 3568 398 3630 η
422 3563 464 3610 ex
487 3569 502 3610 ε
526 3553 636 3615 natum
658 3545 710 3625 (cf.
733 3538 883 3631 ποήᾶτο,
911 3538 1099 3629 succidanea)
1121 3541 1276 3624 religiose
1302 3559 1359 3608 eer-

239 3649 350 3723 vetur‚
383 3662 514 3725 prorsus
547 3643 649 3710 falsus
678 3663 749 3710 esse
781 3644 860 3709 mihi
888 3641 1015 3708 videtur
1043 3641 1261 3724 Bragmanae,
1294 3657 1357 3705 cun

239 3740 331 3807 Stud.
353 3741 404 3806 IX
427 3744 488 3806 377
520 3740 619 3807 dicat:
663 3741 824 3821 „Erstlich
851 3740 894 3807 ist
922 3759 957 3807 es
987 3737 1068 3803 doch
1097 3736 1180 3802 noch
1210 3738 1285 3804 sehr
1312 3734 1358 3800 die
1477 3765 1478 3836 ἶ

240 3838 354 3921 Frage,
378 3838 418 3905 ob
441 3838 500 3905 das
523 3850 542 3903 d
563 3839 633 3907 hier
653 3839 720 3906 und
745 3841 780 3904 in
803 3841 976 3925 φαίνᾶται,
1000 3836 1101 3922 deddc,
1123 3831 1356 3915 ἀποσταλᾶμεν
1477 3861 1478 3888 r

239 3955 270 4000 u.
284 3935 388 4018 'dergl
411 3936 559 4003 wirklioh
574 3938 679 4004 einern
701 3936 924 4020 gesprochnen
939 3934 1086 4002 reinone
1106 3932 1213 4015 gleich
1232 3932 1353 3996 kommt.

240 4037 310 4102 Wir
331 4036 437 4102 haben
454 4034 727 4120 schlechterdings
742 4035 820 4101 kein
836 4033 947 4116 Recht,
971 4031 1040 4098 dies
1062 4031 1112 4097 als
1130 4037 1232 4098 etwas
1247 4027 1354 4095 Selbst
