2978 4872
249 439 290 501 64
747 447 879 502 Baunaok

249 626 314 679 too·
336 618 468 701 stirpem
490 639 606 682 mumo—
624 619 731 686 inesse
753 626 909 702 putemus.
944 619 1012 688 Neo
1027 618 1131 684 minus
1153 619 1211 685 illa
1234 620 1370 688 oernitur

248 714 282 778 in
298 715 508 800 prioreparte
524 716 769 800 compositorum
784 717 994 800 mama-satjai,
1010 715 1235 792 roomo-lutra,
1258 739 1371 782 momu-

247 810 360 896 labe·

333 911 418 990 Quid
440 913 481 980 sit
503 914 563 981 hoe
585 932 710 985 mama,
742 914 802 980 viri
825 911 925 994 dooti,
957 912 1010 996 qui
1040 912 1082 980 de
1110 933 1150 980 ea
1177 914 1278 998 stirpe
1300 916 1370 982 sori-

248 1019 390 1094 pserunt,
419 1011 503 1078 inter
524 1032 559 1079 se
582 1012 794 1087 eonsentiunt,
837 1013 956 1078 Putant
979 1010 1064 1078 enim
1086 1031 1188 1075 mama
1210 1032 1283 1080 esse
1304 1033 1371 1097 per-

249 1109 370 1176 sonalis
402 1110 599 1193 pronominis
630 1111 814 1194 genetivum
848 1108 1030 1192 singularis.
1080 1108 1131 1174 Ita
1164 1111 1308 1195 Boppius
1338 1111 1372 1177 in

247 1208 458 1290 grammatica
479 1206 589 1273 oritioa
618 1228 650 1291 p.
677 1211 736 1274 189
759 1207 820 1274 ait:
856 1207 946 1285 „Ans
968 1205 1032 1272 den
1055 1207 1236 1274 Genetiven
1263 1208 1370 1280 memo,

247 1304 320 1367 ruva
342 1305 550 1388 ontspringen
572 1303 725 1382 memtlro,
748 1303 861 1367 stethu
883 1304 940 1370 mit
963 1304 1083 1390 vrddhi
1107 1306 1174 1372 und
1196 1305 1370 1378 suerro,
1474 1301 1475 1332 ³

251 1403 324 1469 iem.
339 1401 380 1464 tr.
391 1407 422 1484 ἢ
432 1403 501 1470 Neo
516 1401 739 1469 contradieunt
759 1402 986 1486 pstropolitani
1003 1403 1098 1469 lexioi
1114 1401 1254 1470 editores
1270 1424 1372 1488 neque

249 1499 497 1566 Gressmannus.
519 1500 561 1565 Hi
572 1501 657 1566 enim
668 1519 739 1566 oum
752 1499 910 1566 territo-a
921 1499 1002 1573 trivo,
1013 1501 1164 1583 genetivo
1175 1503 1373 1584 pronominis

192 1615 194 1620 ·
249 1607 332 1661 soom
348 1597 415 1678 (etr.
432 1597 525 1663 lenio.
541 1617 567 1666 s.
582 1619 612 1665 v.
628 1597 768 1674 rorata-t
783 1597 940 1681 derivant,
962 1597 1048 1665 idem
1064 1597 1105 1665 de
1120 1598 1280 1662 memoto-
1303 1621 1372 1668 oen·

248 1713 320 1762 sere
343 1694 500 1762 videntur.
533 1696 586 1762 Ad
607 1698 791 1779 genetivum
812 1701 919 1761 autem
935 1695 997 1761 isto
1016 1695 1111 1762 modo
1134 1697 1168 1762 in
1190 1697 1372 1764 nominibus

249 1792 401 1860 derivatis
416 1799 603 1878 usurpatum
620 1795 778 1877 quomodo
793 1793 827 1858 in
849 1792 924 1874 illis,
947 1813 1027 1876 quas
1044 1794 1218 1876 attulimus,
1242 1796 1373 1862 vooibus
1475 1781 1476 1830 ³

248 1891 413 1954 memo-to·
429 1898 461 1957 et
481 1891 666 1955 roomo-too-
687 1898 784 1975 atque
804 1890 839 1955 in
861 1891 1045 1975 oompositis
1067 1898 1173 1975 potest
1194 1893 1371 1976 explicari?
1475 1879 1476 1888 ¹

249 1986 328 2052 Oum
351 1988 419 2054 eius
439 1988 567 2071 generis
589 1988 710 2054 formae
733 1987 848 2069 desint,
873 1987 951 2052 mihi
973 1988 1053 2053 nibil
1075 1989 1280 2056 verisimilius
1303 2009 1372 2057 esse

248 2083 374 2150 videtur
397 2105 492 2168 quam
522 2105 638 2148 mama·
667 2085 829 2167 quondam
852 2085 984 2168 stirpem
1005 2085 1229 2169 simplioiorem
1260 2107 1372 2170 prono·

249 2180 344 2247 minis
367 2182 539 2266 possessivi
561 2182 674 2264 tuisse,
704 2201 786 2265 quae
809 2182 1005 2248 exolesoeret
1027 2183 1153 2250 statiis
1175 2183 1286 2250 formis
1307 2185 1372 2268 ple·

248 2278 390 2348 nioribus
412 2301 509 2363 supra
530 2279 638 2346 allatis
661 2284 930 2362 compensaretur.
1476 2273 1477 2288 ¹

334 2381 366 2455 3)
399 2377 591 2444 Genetivum
613 2377 720 2443 autem
742 2397 858 2451 mama,
882 2396 976 2459 quem
998 2373 1093 2442 modo
1116 2379 1372 2460 eommemoravi,

249 2474 337 2541 illius
360 2475 467 2559 stirpis
489 2483 637 2542 neutrum
660 2493 731 2540 esse
756 2482 842 2559 puto.
887 2474 1034 2557 Namque
1056 2493 1128 2539 oum
1150 2474 1303 2542 adieetivi
1324 2477 1373 2542 ris

248 2571 292 2638 ad
313 2573 455 2656 genetivi
470 2579 617 2638 naturum
633 2571 767 2653 aooedit,
790 2579 857 2638 tum
879 2571 1019 2637 maxime
1036 2571 1085 2636 vis
1107 2573 1280 2654 possessivi
1304 2594 1374 2657 pro·

248 2671 396 2737 nominis.
427 2670 552 2738 Similia
566 2682 672 2738 autem
688 2669 922 2753 requirentibus
944 2669 1037 2734 nobis
1058 2668 1165 2734 statim
1188 2669 1373 2736 vodioarum
1452 2695 1478 2724 ν

249 2767 421 2853 formarum
444 2767 572 2832 osmolro
595 2774 627 2834 ot
645 2766 820 2852 porismata
835 2766 868 2832 in
884 2772 1024 2833 mentem
1039 2765 1137 2848 venit,
1160 2785 1243 2848 quae
1266 2787 1375 2850 quam·

249 2885 344 2947 quom
355 2865 576 2932 tantummodo
595 2865 710 2946 stirpes
722 2870 796 2930 sunt
807 2865 899 2930 nulla
910 2883 1001 2931 oasus
1013 2863 1238 2932 terminatione
1249 2871 1371 2946 auotrw,

249 2967 358 3029 tamen
381 2984 438 3046 pro
460 2962 603 3029 neutrius
625 2963 753 3043 generis
773 2961 882 3028 formis
897 2965 1092 3044 usurpantur
1107 2967 1139 3027 et
1152 2962 1372 3043 genetivorum

250 3079 374 3142 eorum,
399 3061 452 3142 qui
475 3059 704 3142 posterioribus
725 3059 923 3142 temporibus
944 3064 1019 3125 sunt
1040 3057 1073 3122 in
1095 3078 1171 3139 usu,
1201 3059 1373 3123 usmeta-m

250 3155 310 3235 (zd.
334 3156 508 3232 obmrtlrem)
531 3162 563 3224 et
582 3155 802 3240 portuosa-m
825 3155 886 3234 (ad.
906 3155 1137 3244 perterritam),
1166 3175 1302 3222 munera
1322 3177 1374 3224 ex·

249 3255 339 3337 plere
367 3254 483 3321 solent.
524 3254 699 3323 ,Praeterea
726 3273 766 3320 ea
794 3254 938 3321 oonierre
966 3254 1056 3336 linet,
1086 3272 1169 3335 quae
1191 3252 1318 3320 Curtius
1340 3253 1371 3319 in

251 3352 331 3416 libro
354 3350 611 3434 quiinsoribitur
632 3352 716 3428 ,Zur
738 3350 950 3434 Chronologie
972 3351 1029 3420 dor
1050 3350 1370 3434 indogerm'anisohen

249 3449 567 3534 Spraohtorsobung“
590 3470 621 3533 p.
645 3451 684 3512 75
708 3448 749 3514 de
770 3451 991 3532 genetivorum
1012 3449 1045 3514 in
1069 3447 1143 3532 -sja,
1165 3471 1239 3514 -σιο
1264 3456 1296 3516 et
1316 3449 1370 3516 ud-

249 3547 437 3613 ieotivorum
459 3547 492 3612 in
515 3545 589 3630 -sjo,
613 3568 686 3612 -σιο
710 3549 894 3614 exeuntium
916 3547 982 3625 (cir.
1000 3543 1122 3628 euporo
1145 3551 1177 3612 et
1197 3543 1369 3629 ὄαμόσιος)

249 3645 440 3728 oognatione
464 3644 647 3729 disputavit.

335 3747 368 3821 4)
397 3743 440 3808 Ut
462 3741 552 3808 illam
574 3742 706 3826 stirpem
728 3762 845 3805 momo—
866 3741 1004 3826 primum
1027 3742 1059 3808 in
1082 3741 1275 3824 nominibus,
1299 3741 1369 3808 dein

250 3839 284 3904 in
306 3839 505 3922 compositis,
535 3846 608 3923 post
630 3839 730 3906 solam
760 3857 818 3922 per
840 3858 876 3906 se
896 3839 1037 3923 genetivi
1062 3839 1133 3906 looo
1157 3858 1228 3906 esse
1250 3838 1370 3906 adbibi-

251 3942 317 4001 tum
345 3935 556 4018 ostendimus,
591 3937 636 4002 ita
664 3942 823 4022 postremo
851 3937 949 4003 etiam
977 3938 1046 4004 eius
1073 3957 1182 4004 rasum
1213 3935 1368 4019 quondam

180 4063 185 4072 ·
251 4039 378 4100 exstare
403 4034 487 4100 inter
508 4053 619 4102 omnes
640 4039 775 4101 ooostat.
820 4034 980 4101 Ablativis
1008 4035 1093 4101 enim
1122 4044 1237 4108 armat,
1264 4041 1380 4118 prout,
