2968 4866
440 449 442 454 ’
461 455 502 510 De
519 456 659 512 Alcmanis
678 465 776 528 poetae
794 459 917 516 dialecto.
1190 463 1252 524 337

120 623 194 691 ἀντὶ
227 631 288 689 τοῦ
317 623 377 692 τεά
410 651 464 692 τοι
494 626 599 713 κήδεα
620 625 723 710 ’λέξον
752 629 793 696 ἑὰ
822 631 916 716 παρὰ
945 630 1164 719 Καλλιμάχῳ,
1194 638 1251 702 καὶ

119 721 232 808 πάλινΙ
248 717 335 807 παρ’
360 721 451 810 αὐτῷ
474 721 548 791 ἀντὶ
568 733 627 793 aod
645 733 855 815 σφωϊτέρου·
876 726 1022 812 Ἀλκμὰν
1046 726 1109 812 ὑμέ
1131 756 1167 798 τε
1191 735 1249 800 καὶ

121 817 298 905 σφετέρως
329 819 462 900 ἵππιος·
497 827 586 908 σφέα
607 823 652 905 ιδὲ
682 827 764 891 ποτὶ
792 824 937 910 γούνατα
970 831 1099 894 πίπτω.
1151 832 1249 898 Recte

117 924 228 984 monet
242 917 369 985 Abrens
391 939 450 1003 pro
467 921 661 987 Alcmunicis
681 925 861 1007 exspectari
877 920 1115 992 Calliarachca.
1140 927 1246 995 Aliam

48 1081 51 1090 ,
118 1036 265 1094 cansam,
294 1035 349 1080 cur
377 1017 481 1082 abeo
509 1018 728 1102 abjudicanda
756 1022 837 1102 sint,
866 1022 961 1088 affert
983 1022 1142 1104 Brngmun
1174 1027 1247 1102 (lain

116 1113 266 1196 Problem
292 1112 349 1178 der
377 1113 463 1180 bom.
486 1117 673 1183 'Iextkritik
696 1138 728 1200 p.
751 1121 822 1199 79),
853 1119 938 1202 quod
966 1120 1001 1185 ln
1031 1121 1131 1185 altero
1160 1121 1245 1205 frag·

117 1219 226 1276 mento
249 1229 360 1276 vocem
384 1216 476 1297 σφέα
497 1211 650 1280 reflexiva
666 1214 899 1296 significatione
921 1216 1080 1301 privatam
1104 1225 1168 1284 tam
1192 1239 1246 1286 ve·

117 1315 203 1375 tusto
220 1315 344 1392 poetae
365 1309 539 1376 attribuere
561 1333 626 1377 non
650 1312 819 1394 possimus.

202 1407 260 1472 His
284 1407 432 1474 omnibus
454 1407 513 1474 etsi
540 1429 605 1473 non
634 1429 765 1492 prorsus
787 1411 972 1493 abstinebo,
1004 1418 1111 1478 tamen
1135 1413 1189 1478 nbi
1211 1414 1244 1478 in
1314 1423 1324 1446 ‘

115 1525 207 1570 usum
230 1523 336 1569 meum
358 1511 553 1586 convertam,
578 1526 617 1572 ea
640 1507 738 1573 dubia
761 1527 832 1574 csse
854 1509 1002 1575 monebo.

201 1602 334 1668 Praeter
362 1602 442 1669 haec
470 1601 623 1686 frustula,
652 1624 735 1687 quae
757 1606 844 1689 apud
868 1607 973 1672 varios
996 1605 1168 1688 scriptores
1191 1627 1245 1673 ex·

116 1705 194 1781 tant,
221 1698 377 1764 babemus
399 1700 526 1782 insigne
548 1703 709 1784 specimen
732 1702 907 1767 carminum
929 1702 1185 1767 AlemanIcorum
1209 1705 1242 1768 in

114 1816 241 1880 papyro
271 1817 291 1861 a
320 1797 479 1863 Mariettio
510 1818 613 1881 nuper
641 1818 682 1864 ex
710 1800 856 1882 sepulcro
886 1800 1047 1881 Aegyptio
1075 1800 1109 1863 in
1139 1799 1242 1866 lucem

114 1895 255 1976 prolato,
289 1893 373 1976 quod
407 1894 505 1960 valde
536 1896 676 1960 virorum
709 1895 872 1962 doctorum
905 1895 1030 1960 animos
1064 1898 1242 1980 occupavit,

114 1996 286 2073 postquam
309 1991 428 2074 publici
447 1992 529 2074 juris
551 1991 626 2058 fecit
649 1993 755 2076 Egger
776 1993 878 2071 (Paris
898 1995 999 2071 1863).
1044 1994 1241 2079 Apograpbo

114 2089 185 2171 ejus
208 2088 392 2154 nitebantur
413 2094 467 2154 ten
492 2089 593 2154 Brink
615 2091 732 2155 Philol.
755 2091 836 2173 XX,
860 2091 970 2173 Bergk
992 2090 1107 2156 Pbilol.
1132 2091 1242 2156 XXII.

48 2249 50 2256 ,
113 2186 231 2251 Melius
246 2205 297 2251 res
312 2186 472 2268 successit,
497 2186 551 2250 ubi
570 2189 719 2273 exemplo
734 2188 902 2272 archetypi
924 2187 1119 2271 lithogrupbi
1142 2208 1241 2272 opera

114 2302 268 2368 expresso
297 2284 431 2349 certiore
459 2283 668 2352 fundamento
696 2285 741 2351 uti
771 2286 860 2352 licuit
886 2285 1030 2365 (Notices
1052 2292 1085 2351 et
1107 2287 1241 2353 extruite
1336 2353 1338 2356 .

113 2380 154 2445 de
184 2381 375 2445 Manuscrits
405 2380 515 2446 XVIII
545 2384 564 2444 2
598 2403 628 2465 p.
652 2386 714 2446 416
744 2383 797 2448 fol.
821 2383 869 2460 L).
920 2382 1002 2448 Inde
1035 2389 1169 2465 egerunt
1202 2384 1242 2450 de

112 2477 225 2542 charta
257 2478 366 2560 Bergk
403 2478 437 2543 in
470 2477 630 2544 addendis
663 2479 776 2546 tertiae
810 2479 942 2544 editioni
980 2486 1144 2562 poetarum
1180 2481 1240 2564 lyr.
1299 2500 1301 2504 ’

113 2574 227 2640 Graec.
257 2596 288 2657 p.
315 2577 394 2640 1378
415 2595 494 2656 sqq,
524 2575 651 2641 Absens
678 2576 793 2642 Pbilol.
823 2576 967 2656 XXVII,
1001 2576 1095 2642 Blass
1125 2578 1239 2643 Rbein.

111 2673 193 2737 Mus.
217 2672 340 2760 XXIII.
359 2673 462 2752 XXV,
486 2671 553 2736 alii.
587 2672 647 2752 Qui
670 2675 780 2754 multa,
804 2693 886 2754 quae
908 2681 1004 2738 antea
1025 2673 1131 2739 minus
1154 2683 1240 2741 recte
1282 2707 1288 2714 ‘

110 2770 312 2851 legebantur,
336 2769 598 2851 emendaverunt,
621 2791 704 2853 qnae
725 2791 855 2855 prorsus
870 2791 934 2835 non
951 2777 1042 2849 erunt
1063 2771 1238 2854 intellecta,

111 2868 337 2950 explanarunt,
362 2865 419 2932 sed
442 2866 528 2952 quod
550 2869 723 2932 maximum
744 2873 793 2933 est
815 2875 1057 2952 perspexerunt,
1080 2868 1239 2952 fragmen·

109 2972 178 3028 tum
201 2964 332 3047 paribus
355 2965 493 3047 strophis
516 2965 725 3048 compositum
750 2985 836 3046 esse,
865 2985 1077 3048 numerosque
1100 2967 1240 3050 singulo·
1353 3033 1354 3037 ,

109 3083 180 3127 rum
203 3081 352 3127 versuum
374 3062 620 3144 constituerunt,
644 3082 722 3128 sane
744 3063 836 3128 metri
858 3063 983 3152 legibus
1005 3063 1159 3130 lectiones
1182 3085 1240 3147 per·

110 3179 146 3225 se
175 3159 316 3223 incertae
345 3157 518 3224 firmantur.
564 3159 727 3225 Habemus
757 3159 853 3243 igitur
882 3161 1044 3244 specimen
1073 3162 1239 3229 Alcmanis

99 3257 297 3337 caminum,
321 3256 406 3337 qnod
429 3264 477 3322 est
492 3257 606 3321 summi
629 3257 733 3340 pretii,
757 3258 833 3340 quia
850 3264 881 3323 et
898 3260 1020 3324 ambitu
1043 3266 1074 3324 et
1095 3259 1237 3339 chartae,

109 3375 174 3438 qna
196 3353 290 3418 nobis
307 3353 456 3418 traditum
479 3361 537 3434 est,
560 3361 721 3420 vetustate
737 3355 844 3420 omnia
859 3355 924 3420 alia
940 3357 1120 3438 fragmenta
1142 3356 1238 3438 longe
1306 3383 1322 3400 .

109 3458 241 3534 superat
267 3457 299 3515 et
320 3457 405 3516 certo
429 3458 527 3516 metro
551 3453 747 3534 continetur,
769 3470 829 3518 nec
852 3461 960 3518 tamen
983 3452 1237 3534 praetermitten-

109 3549 186 3614 dum
203 3554 252 3614 est
269 3547 353 3629 quod
378 3548 491 3614 charta
505 3548 677 3614 admodum
693 3554 742 3614 est
762 3546 942 3630 obliterata,
959 3557 993 3613 ut
1013 3549 1168 3631 pleraque
1184 3568 1236 3614 ex·

109 3645 214 3730 pediri
237 3665 304 3710 non
326 3643 449 3726 possint
469 3645 634 3728 multaque
660 3646 829 3711 incertiora
850 3645 914 3710 sint
936 3665 1031 3728 quam
1054 3645 1167 3727 quibus
1190 3647 1235 3711 uti

109 3744 216 3826 liceat,
241 3749 273 3807 et
294 3742 327 3806 in
343 3741 382 3806 iis
398 3741 487 3823 ipsis,
511 3762 594 3824 qnae
613 3743 767 3826 explicari
789 3761 883 3827 posse
899 3741 1056 3823 videntur,
1080 3761 1235 3809 nonnum·

109 3860 206 3922 quam
240 3840 366 3920 literae,
401 3858 483 3921 qnae
517 3838 560 3905 ad
592 3848 733 3906 nostram
768 3839 986 3922 quaestionem
1020 3838 1129 3922 magni
1162 3847 1236 3933 sunt

109 3936 273 4018 momenti,
301 3935 485 4018 conjectura
507 3938 706 4022 supplentur.
752 3933 938 4001 Cavendum
960 3955 1086 4018 qnoque
1108 3944 1172 4018 est,
1195 3958 1237 4005 ne

109 4033 242 4099 nimiam
265 4032 485 4100 auctoritatem
514 4031 638 4118 papyro
666 4033 857 4114 tribuamus,
886 4031 973 4115 quod
999 4052 1040 4099 ex
1061 4033 1135 4117 ipsa
1156 4037 1239 4101 anti·

161 4133 266 4175 Cunnrus
279 4144 300 4174 n.
313 4133 438 4182 Banouan,
452 4133 545 4176 Studien
560 4135 584 4174 ll.
1000 4135 1032 4186 22
