2968 4866
422 432 600 499 quaestiones
618 432 838 503 dialectologicae
854 451 977 504 graecae.
1202 441 1272 503 291³

221 601 357 668 Constat
379 604 465 668 enim
486 603 537 681 (oi.
554 604 681 672 Curtius
703 608 841 674 Ericusa
866 611 937 684 166)
960 609 993 673 11
1014 627 1132 692 graeca
1153 616 1269 698 lipgua

134 699 273 783 primum
296 701 437 766 omnium
452 721 583 768 casuum
598 709 739 771 veterem
757 705 1033 773 instrumentalem
1050 709 1263 797 obsolevisse;

134 817 209 862 nam
239 797 353 881 paucis
374 795 441 864 illis
468 799 633 867 adverbiis
654 802 688 867 in
710 827 748 889 -η
772 804 916 887 exceptis
938 805 1030 871 nulla
1050 806 1084 871 in
1112 809 1264 878 universo

135 895 331 962 Graecomm
360 915 507 962 11111111
535 898 629 966 huius
659 920 752 966 casus
781 902 919 984 vestigia
947 903 1156 988 reperiuntur,
1191 925 1262 974 eum

134 994 297 1060 ablativus
325 993 447 1077 priscus
475 996 509 1060 in
537 1006 587 1060 -ot
613 998 779 1064 tritissima
807 999 841 1064 in
864 997 1088 1065 adverbiorum
1111 1005 1264 1070 termina«

133 1092 222 1157 tione
242 1091 277 1156 in
300 1115 365 1168 -ως
387 1100 554 1176 appareat,
577 1095 734 1161 locativus
756 1097 867 1180 paucis
889 1096 923 1162 in
946 1097 1094 1165 dialectis
1116 1100 1167 1180 (oi.
1182 1105 1209 1182 .§
1232 1108 1261 1167 5.

133 1208 164 1272 p.
188 1192 227 1252 27
235 1192 266 1266 7)
293 1190 434 1254 omnium
463 1190 497 1254 in
525 1211 584 1257 usu
613 1192 741 1260 vividus
770 1194 821 1259 sit.
865 1193 962 1260 Unde
989 1195 1198 1281 factumest,
1227 1208 1264 1264 ut

131 1305 256 1369 paucae
278 1287 397 1354 veteris
418 1287 672 1358 instrumentalis
694 1290 850 1374 reliquiae
870 1311 975 1375 neque
997 1314 1055 1376 pro
1076 1296 1162 1362 veris
1183 1297 1264 1363 casi-

132 1384 191 1450 bus
214 1384 411 1451 haberentur
432 1387 594 1470 nequead
609 1389 635 1452 Ι.
652 1387 733 1454 decl.
755 1390 999 1456 terminationes
1013 1391 1262 1475 applicarentur.

133 1481 236 1560 Quam
259 1483 300 1547 ob
328 1503 395 1550 rem
418 1484 452 1549 in
474 1484 553 1567 ipsis
576 1492 607 1550 et
636 1485 736 1556 titulis
766 1493 799 1552 et
825 1486 916 1553 libris
939 1486 1048 1553 dativo
1078 1487 1271 1574 comparato

132 1580 261 1646 litterae
276 1605 295 1665 η
313 1579 394 1649 falso
410 1602 510 1666 saepe
524 1583 590 1648 iota
605 1582 801 1666 adscriptum
817 1590 876 1665 est,
892 1583 977 1667 quod
993 1585 1130 1668 primum
1145 1608 1265 1672 cogno-

131 1677 217 1745 visse
239 1677 390 1746 Ahrensii
414 1686 464 1747 est
484 1680 544 1746 viri
567 1681 766 1764 sagacissimi
788 1681 827 1746 ci.
849 1681 882 1746 II
905 1685 976 1746 362.

215 1775 286 1842 Iam
301 1797 377 1844 vero
392 1798 470 1845 vera
485 1778 604 1845 veteris
618 1777 870 1844 instrumentalis
886 1785 1000 1844 natura
1015 1777 1049 1842 11
1065 1775 1261 1847 oblivionem

130 1873 273 1940 abducta
303 1873 424 1941 formae
453 1877 521 1942 eius
551 1874 759 1958 duplicem
788 1876 822 1939 in
850 1873 981 1939 modum
1005 1880 1148 1942 mutatae
1171 1886 1269 1944 sunt:¹

130 1971 195 2037 Aut
223 1972 310 2036 onim
333 1976 355 2036 ἇ
379 1971 475 2040 finale
506 1979 685 2056 correptum
713 1979 768 2039 aut
795 1973 831 2039 in
860 1997 879 2058 η
909 1978 1064 2038 mutatum
1095 1980 1153 2039 est.
1196 1976 1260 2041 Illo

129 2068 225 2134 modo
242 2066 323 2151 ἅμα,
336 2068 431 2150 τάχα,
454 2068 567 2156 κρύφα
583 2069 634 2148 (ef.
650 2070 1070 2153 8111111111111113562),
1092 2070 1154 2136 hoe
1169 2067 1273 2157 ἄλλη.

132 2164 246 2252 διπλῆ,
276 2165 418 2251 taccam}
450 2176 546 2234 enata
574 2176 657 2234 sunt.
702 2168 753 2234 Ad
776 2194 796 2255 η
820 2173 926 2235 autem
950 2166 1152 2233 efficiendum
1175 2177 1261 2236 stac

128 2263 339 2329 locativorum
362 2265 541 2332 doricorum
564 2273 599 2331 ut
622 2264 663 2346 εἰ,
687 2261 776 2344 rinei,
799 2263 1035 2344 coarctastis
1058 2268 1109 2344 (of.
1132 2267 1261 2334 Ahrens

130 2361 251 2426 11361.
278 2361 404 2429 Curtius
419 2363 491 2428 Ber.
509 2363 539 2428 d.
555 2365 659 2430 sichs.
676 2363 751 2430 Ges.
767 2363 847 2430 XVI
863 2365 937 2439 230)
961 2359 1146 2428 et-studium
1162 2366 1262 2447 quod·

131 2458 205 2524 dam
234 2460 365 2542 liuguae
395 2460 539 2526 dativum
563 2458 646 2547 ἄλλᾳ
676 2469 707 2527 et
729 2462 833 2544 ipsum
856 2459 988 2526 adverbi
1014 2460 1085 2525 loco
1108 2461 1260 2527 usitatum

129 2556 171 2621 ab
201 2553 287 2620 ἄλλᾶ
302 2568 305 2574 ’
319 2558 462 2640 apertius
489 2557 708 2641 distinguendi
737 2557 873 2623 alicuius
906 2558 1060 2624 momenti
1087 2557 1186 2625 luisse
1214 2560 1260 2623 vi-

131 2654 255 2721 dentum.
300 2655 339 2720 In
369 2655 427 2721 illa
456 2661 564 2722 autem
594 2655 713 2722 veteris
740 2655 994 2720 instrumentalis
1023 2660 1158 2719 naturae
1180 2655 1259 2720 obli-

124 2753 226 2828 vione
253 2773 367 2819 causas
390 2753 575 2819 mutationis
597 2760 675 2839 ᾶεη
701 2772 771 2819 1111
797 2751 966 2834 ponendas
988 2770 1029 2823 ex
1052 2769 1089 2817 eo
1112 2759 1259 2835 apparet,

129 2849 216 2933 quod
233 2850 352 2917 Aeoles
368 2858 399 2917 et
414 2851 589 2917 Dorienses
610 2850 644 2916 in
656 2849 830 2918 adverbiis
845 2854 880 2914 ut
901 2845 995 2927 ἅδᾰν,
1019 2846 1175 2934 κρύβόᾶν,
1198 2856 1269 2936 arpis

131 2942 241 3034 ἆσυχᾷ
257 2954 326 3030 etc,
351 2968 421 3014 oum
438 2968 530 3015 casus
552 2948 614 3032 ipsi
632 2945 733 3048 vividi
755 2953 872 3028 esseut,
897 2946 1172 3029 irreligiosissime
1194 2967 1260 3013 ser·
1372 2983 1374 2987 -
1472 2961 1474 3054 p

129 3045 261 3110 vabant.

215 3143 363 3225 Denique
392 3142 454 3208 buc
476 3143 580 3210 refero
603 3143 808 3226 negationem
829 3139 887 3228 μή,
917 3161 999 3224 quae
1028 3113 1100 3208 elea
1124 3150 1260 3226 excepta
1359 3207 1362 3212 A
1473 3167 1474 3214 r

130 3239 181 3314 (ci.
206 3238 241 3305 O.
257 3239 282 3304 Ι.
305 3259 351 3322 gr.
371 3243 406 3304 11
429 3229 513 3322 :psit
536 3241 684 3306 omnibus
706 3241 740 3305 iu
761 3240 909 3306 dialectis
931 3265 951 3326 η
974 3260 1033 3324 pro
1056 3245 1078 3304 ᾶ
1099 3243 1184 3317 (sort.
1199 3251 1257 3310 md,

127 3338 222 3404 zend.
245 3341 308 3414 md)
323 3338 471 3404 ‘exhibet
516 3334 592 3404 Veri
614 3337 699 3403 enim
722 3337 826 3404 simile
847 3336 926 3401 mihi
941 3337 1076 3416 videtur,
1099 3358 1170 3402 cum
1192 3337 1260 3402 alia

127 3435 251 3502 vocalis
266 3461 285 3521 η
303 3437 476 3520 explicatio
492 3440 686 3518 nou-exstet,
703 3454 774 3502 eam
789 3433 1115 3517 frequentissimamm
1130 3432 1259 3498 illarum

127 3534 356 3616 particularum
379 3539 414 3598 ut
436 3529 535 3620 ἤ-δη,
560 3531 710 3619 ἕπει-δή,
740 3529 782 3616 δή
803 3532 914 3610 (etiam
937 3527 958 3617 ἢ
981 3550 1022 3595 111
1045 3523 1095 3614 ἠέ,
1122 3530 1259 3596 sortasse

127 3631 221 3698 nond.
237 3632 327 3698 instr.
349 3642 415 3706 ooo,
439 3629 537 3716 *irrp
561 3627 612 3716 ἠέ,
636 3627 694 3717 tit)
717 3630 750 3693 11
769 3628 891 3694 vocalis
906 3627 1060 3711 qualitate
1075 3628 1259 3709 exemplum

129 3749 200 3795 esse
224 3735 376 3795 secutam.
408 3728 556 3796 ceterum
577 3749 650 3794 cum
664 3728 852 3792 Latinorum
867 3747 906 3789 oc
920 3726 1000 3792 illud
1016 3721 1060 3811 μή
1078 3723 1159 3788 nibil
1176 3743 1259 3789 com-

128 3846 226 3892 mune
248 3825 356 3892 habet.
390 3825 429 3892 oi.
454 3825 581 3892 Curtius
604 3829 718 3911 etym.4
741 3824 813 3891 334.

215 3923 369 3990 Similiter
383 3923 518 3990 fortasse
534 3923 575 3990 de
590 3948 648 4009 νη·
662 3929 735 3989 sort.
750 3933 800 3996 aa,
816 3941 857 3984 oo
871 3918 1078 3986 iudicandum
1093 3924 1151 4000 est,
1174 3920 1260 4000 quod

130 4022 163 4086 in
185 4021 410 4088 aeolo-doricis
433 4041 558 4104 quoque
580 4022 726 4088 dialectis
742 4046 761 4108 η
780 4017 962 4086 exhibuisse
984 4015 1119 4098 videtur,
1143 4016 1170 4081 si
1193 4017 1265 4098 qui-s
1333 4043 1336 4051 ·

1004 4118 1056 4170 11*
