2986 4864
472 412 516 467 De
533 413 672 470 alcmanis
689 419 787 483 poetae
805 414 930 472 dialemo.
1205 415 1267 476 357

137 607 203 654 non
219 603 324 667 aeque
339 603 359 650 e
373 583 473 667 stirpe
494 581 582 648 πολυ
598 583 705 650 novio
728 587 782 652 vel
804 586 910 666 aulo,
933 606 1038 668 neque
1060 606 1143 668 quae
1165 589 1268 657 forma

137 684 226 769 apud
239 683 412 749 Homerum
429 681 649 764 frequentatur
660 681 798 763 πουλύς,
815 704 855 751 ea
866 683 1078 750 adulterinam
1094 685 1269 769 diphthon-

136 802 213 865 gum
236 779 348 846 habuit
370 779 490 862 quippe
514 780 681 862 epenthesi
702 787 781 846 orta.
819 782 933 864 ltaque
954 781 1090 850 fortasse
1112 783 1267 868 conjicias

136 879 229 944 illam
252 878 399 943 vocalem
422 876 549 960 poetica
571 876 709 958 quadam
732 879 863 944 licentia
885 897 956 944 esse
978 879 1181 964 productam,
1208 883 1267 948 sed

136 977 289 1057 nescitur,
320 974 527 1057 quamobrem
551 993 621 1039 eam
651 981 748 1058 poeta
777 975 978 1060 produxerit,
1009 997 1084 1043 nam
1106 975 1172 1044 non
1194 999 1267 1044 oon·
1336 997 1338 1004 ·

137 1073 228 1140 venit
249 1071 402 1160 analogia
417 1071 500 1154 epici
518 1071 657 1138 nominis
672 1070 909 1155 Πουλυδάμας,
933 1074 1008 1156 quia
1029 1075 1114 1142 banc
1132 1076 1267 1142 formam

137 1171 194 1235 vix
216 1169 386 1252 quisquam
401 1168 443 1234 ab
461 1168 623 1251 adjectivo
645 1168 774 1248 αουλύς
789 1171 947 1254 sejungat.
978 1174 1042 1238 Res
1057 1172 1268 1239 dubitationis
1289 1198 1292 1207 ¹

136 1268 238 1351 plena
260 1274 318 1332 est.
347 1300 389 1312 -
418 1264 638 1333 confidentius
661 1267 773 1352 opicae
796 1267 935 1334 dialecto
962 1269 1129 1336 tribuimus
1152 1268 1268 1351 εἴαρος

136 1364 175 1430 ir.
199 1367 252 1429 26.
276 1368 312 1443 4,
342 1363 370 1429 si
392 1362 521 1445 quidem
542 1368 629 1430 recte
657 1364 784 1446 legitur,
813 1385 1006 1449 quamquam
1035 1368 1068 1432 in
1091 1367 1269 1433 Homericis

138 1460 336 1528 carminibus
357 1480 423 1525 non
443 1460 608 1544 reperitur,
639 1461 672 1526 in
695 1461 810 1544 quibus
833 1482 872 1529 ea
899 1470 1023 1529 tantum
1046 1472 1157 1530 contra
1179 1465 1268 1548 leges

138 1560 271 1641 linguae
300 1556 526 1642 producuntur,
555 1577 637 1640 quae
665 1559 759 1624 aliter
786 1580 853 1624 non
881 1560 914 1625 in
944 1580 1071 1627 versum
1098 1561 1267 1643 quadrant,

138 1675 189 1724 cx.
217 1676 266 1738 gr.
295 1651 443 1736 εἰαρινός
471 1675 492 1721 a
519 1673 597 1721 voce
631 1653 706 1739 ἕαρ;
741 1655 799 1721 sed
832 1657 1023 1739 posteriores
1056 1665 1174 1741 poetae
1207 1660 1268 1723 hac

137 1751 272 1819 licentia
286 1751 501 1818 abutebantur
524 1760 556 1818 ot
577 1753 738 1818 invenitur
760 1772 800 1818 ea
814 1751 886 1835 ipsa
904 1773 978 1835 vox,
1002 1751 1042 1818 de
1065 1774 1128 1836 qua
1148 1755 1265 1836 agitur,

137 1851 172 1917 in
184 1851 305 1934 hymno
315 1850 349 1914 in
359 1849 516 1916 Cererem.
540 1848 688 1916 Ceterum
699 1850 828 1915 Hecker
839 1848 976 1933 conjecit
988 1848 1081 1932 ἱερὸς
1092 1852 1145 1916 vel
1160 1850 1266 1933 ἱαρὸς,

137 1948 201 2014 hoc
222 1948 358 2013 fortasse
379 1954 475 2028 recte,
499 1966 692 2029 quamquam
707 1946 796 2013 vocis
820 1945 1008 2028 significatio
1024 1968 1089 2014 non
1111 1948 1267 2014 minorem

137 2044 238 2110 babet
261 2043 480 2111 difficultatem
502 2064 598 2126 quam
620 2041 715 2110 lectio
737 2043 892 2109 codicum.
927 2043 1013 2122 (Non
1036 2045 1156 2126 obstat,
1181 2045 1268 2128 quod

139 2140 233 2226 ἱερὸν
255 2141 292 2206 ir.
310 2145 350 2206 lo
373 2143 543 2226 anapaesti
566 2161 748 2209 mensuram
771 2141 892 2219 babet.)
929 2141 1024 2221 Quod
1045 2142 1172 2208 Abrens
1194 2143 1269 2207 Phi·

137 2239 194 2304 lcl.
218 2237 351 2304 XXVII
375 2242 435 2303 593
459 2238 609 2322 proponit
632 2236 748 2324 εἰαρὸς
769 2267 812 2290 =
835 2235 926 2322 ἱερὸς
941 2269 984 2292 =
1005 2237 1118 2325 διερὸς
1142 2239 1266 2322 (,flink,

137 2336 320 2419 fluohtig‘s,
352 2335 386 2401 id
408 2343 518 2420 aptum
541 2336 703 2419 ceteroqui
726 2337 891 2401 volucrum
914 2336 1079 2420 epitheton
1103 2356 1174 2404 esse
1196 2355 1269 2402 con-

138 2433 299 2515 cedimus,
329 2432 387 2499 sed
415 2434 521 2499 minus
550 2433 610 2499 hoo
632 2434 717 2514 loco,
747 2453 810 2516 quo
832 2451 932 2499 senex
955 2441 1067 2516 poeta,
1097 2451 1195 2515 quem
1213 2433 1268 2498 vix

138 2529 240 2614 pedes
264 2529 437 2610 sustinent,
467 2550 503 2597 se
531 2549 602 2595 oum
630 2529 778 2597 alcedine
806 2537 972 2611 comparat
997 2530 1087 2596 senio
1110 2530 1264 2596 coniecta.

550 2753 595 2812 Ile
617 2754 862 2812 consonantibus.

424 2887 445 2966 ξ
471 2887 519 2948 12.
563 2885 620 2949 De
642 2885 835 2949 consonis
857 2882 988 2948 mutis.

226 3022 301 3087 Non
329 3026 396 3086 tam
424 3040 495 3086 raro
523 3017 610 3102 apud
633 3018 774 3085 Graecos
800 3038 963 3084 consonae
992 3025 1099 3083 mutae
1126 3018 1161 3082 in
1186 3018 1269 3084 alias

140 3127 245 3186 mutas
268 3118 426 3200 abierunt,
448 3115 506 3183 sed
521 3135 752 3198 nonnunquam
767 3116 885 3181 lactum
902 3122 959 3197 est,
983 3122 1018 3181 ut
1033 3135 1104 3181 cum
1126 3114 1268 3198 vulgaris

139 3219 242 3283 torma
270 3216 397 3282 literam
427 3214 560 3280 baberet
587 3220 818 3297 permutatam,
848 3215 883 3279 in
914 3213 1059 3279 dialectis
1082 3212 1269 3297 principalis

139 3321 332 3384 servaretur.
377 3312 525 3378 (letarum
554 3311 595 3377 de
624 3309 674 3376 bis
704 3310 948 3391 mutationibus,
978 3329 1061 3392 quae
1083 3317 1172 3374 certa
1197 3311 1269 3391 lege

139 3419 287 3479 carentes
303 3409 453 3490 existunt,
477 3409 582 3474 tenuis
597 3415 646 3474 est
660 3415 770 3483 nostra
785 3407 935 3487 cognitio.
964 3406 1064 3488 Apud
1080 3405 1269 3469 Alemonam
1361 3489 1365 3497 .

120 3511 238 3576 baec:
262 3528 354 3591 apro
371 3528 412 3572 rr:
438 3501 561 3570 iactr.
577 3508 844 3586 tit-apros:
868 3499 997 3566 iinclr.
1014 3505 1065 3566 34.
1081 3505 1132 3582 76,
1155 3499 1268 3565 ποκά

138 3608 179 3674 ir.
202 3610 255 3670 42.
278 3608 336 3687 33,
367 3600 470 3668 ὅκκα
492 3603 530 3668 fr.
553 3605 604 3666 94.
648 3601 714 3668 Sed
736 3599 879 3680 vulgaris
900 3599 1004 3664 forma
1025 3600 1058 3662 in
1081 3597 1268 3663 hexametro

140 3696 236 3768 ποτ’
261 3702 299 3767 ir.
315 3707 366 3765 41.
389 3736 431 3748 —
455 3699 673 3765 ETarentino
693 3698 822 3762 nomine
844 3696 973 3780 proprio
982 3692 1087 3760 Ἴκκον
1103 3688 1169 3760 non
1191 3701 1268 3776 puto

141 3819 334 3883 quemquam
357 3799 516 3882 conjicere
538 3795 627 3880 apud
641 3798 787 3863 Lacones
808 3792 903 3857 ’ίκκον
925 3794 959 3857 in
982 3812 1041 3858 usu
1056 3792 1164 3858 inisse.
1195 3793 1268 3858 Non

140 3898 183 3965 ab
206 3897 318 3963 indole
339 3896 435 3980 hujus
457 3895 588 3961 dialecti
605 3891 759 3960 recedunt
774 3887 920 3954 ἱππόται
935 3889 971 3954 fr.
991 3893 1039 3971 12,
1061 3888 1170 3966 ἵππος
1193 3910 1267 3973 pap.
1301 3913 1302 3918 ¹

142 4000 172 4060 2.
196 3999 248 4079 25,
272 4001 301 4060 2.
329 3997 448 4060 13.’-
475 4017 496 4074 χ
518 4013 577 4077 pro
598 3996 643 4055 θι
673 3987 853 4076 ὀρνίχων
876 3987 912 4052 lr.
937 3991 988 4069 67,
1018 3986 1060 4052 de
1083 4005 1146 4073 qua
1167 3986 1270 4052 forma

1234 4316 1435 4374 e,-
