2968 4866
233 398 295 460 344
625 438 636 456 .
747 397 838 468 Spiess

168 621 170 626 -
233 574 285 640 hie
306 572 414 640 brevis
435 590 563 655 quoque
584 570 715 653 vocalis,
739 575 911 655 augmento
928 571 1099 655 'poetarum
1118 589 1208 635 more
1231 571 1355 650 omisso,

235 670 331 738 statui
347 675 462 760 potest.
493 665 672 750 ἐπαμμένει
690 668 760 735 eod.
776 666 944 751 ἑπόμεναι
966 668 1002 733 ir.
1020 672 1060 733 20
1083 667 1244 750 (Hartung
1265 665 1356 734 ἐπει-

234 774 341 851 μένα).
387 767 464 834 eun
487 788 506 852 η
530 786 589 849 pro
611 790 648 846 α,
679 766 732 831 vel
760 766 867 850 potius
895 786 966 831 eum
989 791 1030 852 ην
1053 785 1111 848 pro
1134 789 1174 828 ov
1206 763 1357 830 traditum

236 873 284 934 est
306 861 460 952 ηὔλησε
484 863 521 928 fr.
544 865 594 942 82,
618 861 704 945 quod
726 865 864 931 correxit
886 863 1006 946 Bergk.
1029 899 1071 910 -
1093 863 1131 928 In
1154 861 1280 928 suffixis
1302 863 1359 941 -αξ

235 970 268 1030 et
290 985 372 1029 -ανα
400 961 547 1028 videmus
575 960 713 1028 eundem
742 981 832 1028 usum
855 961 1068 1028 Doriensium.
1113 959 1210 1044 Apud
1233 960 1359 1025 Alema·

236 1079 325 1128 nem:
363 1057 532 1143 ἱέρακος
555 1057 591 1122 ir·
615 1060 672 1140 28,
701 1077 771 1124 oum
794 1059 887 1142 epiea
907 1060 1009 1126 forma
1031 1058 1073 1124 sit
1095 1056 1244 1144 ἱέρηκες.
1288 1063 1360 1122 Σε-

181 1195 189 1208 ,
235 1155 339 1223 λάνα
348 1180 365 1234 ς
377 1156 417 1221 ir.
434 1159 485 1222 48.
515 1154 664 1220 Alemani
679 1155 826 1222 tribuitur
840 1158 949 1241 glossa
963 1156 1117 1240 Hesychii
1129 1147 1360 1220 Ἀσαναίων.

237 1291 279 1301 -
307 1254 414 1322 Unum
437 1253 617 1335 exemplum
641 1252 748 1318 Dorici
772 1277 793 1317 α
815 1254 849 1320 in
871 1255 976 1338 priore
999 1259 1091 1338 parte
1113 1253 1360 1336 compositorum

236 1353 409 1435 reperitur:
434 1374 530 1415 κανα
535 1347 665 1430 χάποὸ
671 1374 692 1413 α
708 1370 782 1434 pap.
795 1355 825 1416 2.
844 1357 892 1416 14.
908 1387 950 1400 -
964 1350 1102 1418 Radiees
1117 1350 1150 1414 in
1170 1349 1192 1415 ἆ
1206 1358 1361 1417 exeuntes

237 1450 289 1516 vel
313 1445 334 1512 ἃ
358 1447 558 1514 continentes
586 1447 765 1530 producunt
787 1450 931 1516 vocalem
954 1451 987 1514 in
1009 1447 1185 1522 formandis
1208 1449 1361 1531 stirpibus

238 1547 355 1612 Dorioe
376 1544 408 1610 in
432 1569 463 1624 α,
486 1546 583 1628 vulgo
604 1545 638 1610 in
654 1569 684 1631 η.
715 1545 811 1612 Illam
834 1547 989 1612 rationem
1013 1552 1163 1612 seeuntur
1185 1545 1277 1630 apud
1294 1546 1362 1610 Alo-

238 1661 382 1713 manem:
421 1639 623 1708 στάσειεν
653 1662 728 1726 pap.
752 1645 782 1708 2.
808 1646 863 1726 123
892 1654 1047 1729 φασεῖς
1070 1663 1142 1726 pap.
1167 1646 1197 1707 3.
1222 1647 1259 1725 5;
1291 1643 1361 1725 ἐ’βα

203 1819 207 1828 ,
238 1761 313 1828 pap.
340 1745 365 1804 1.
389 1742 446 1822 203
479 1739 636 1804 λέλακα
663 1758 738 1823 pap.
769 1743 798 1806 3.
831 1743 885 1822 173
921 1738 1078 1806 i'rraiev
1106 1741 1165 1819 (sie
1195 1740 1298 1806 sohoi.
1325 1741 1362 1805 Il.

239 1863 260 1903 α
283 1840 361 1918 222,
390 1857 461 1902 oum
485 1835 589 1903 Onam.
612 1835 732 1901 Aneod.
757 1836 859 1902 Onon.
882 1838 928 1904 IV
951 1843 1023 1904 409.
1050 1843 1088 1905 16
1115 1839 1255 1921 aliisque
1285 1839 1362 1903 loeis

238 1936 343 2012 minus
365 1941 449 2000 reete
479 1931 602 2000 ἔπαλλε
626 1933 778 1999 traditum
800 1936 852 2009 sit)
879 1936 916 2000 ir.
940 1939 991 2001 69.
1035 1937 1207 2020 vulgarem
1229 1937 1363 2002 formam

239 2033 343 2099 cernis
371 2032 405 2095 in
434 2050 512 2096 voee
540 2037 726 2116 μέμηνεν
754 2032 790 2097 ir.
815 2035 871 2115 683
901 2033 956 2098 vix
984 2041 1069 2100 reete
1097 2031 1258 2120 κεκλήνει
1285 2034 1361 2100 fni

238 2129 390 2196 traditum
419 2137 468 2193 est
496 2128 616 2210 (Bergk
640 2127 776 2213 adaioy'
799 2159 843 2182 =
865 2127 981 2215 ἔκλαγε
1010 2131 1167 2214 conjecit).
1213 2132 1363 2209 Nomina,

153 2273 159 2276 -
240 2246 323 2309 quae
352 2244 454 2306 aeque
481 2231 579 2306 atque
606 2224 687 2290 haee
717 2228 817 2292 verba
846 2228 1030 2308 formantur,
1062 2248 1132 2294 oum
1155 2252 1176 2292 α
1198 2230 1364 2312 leguntur:

239 2327 420 2404 μνᾶσνιν
443 2321 480 2386 ir.
504 2324 558 2402 64,
585 2321 720 2407 rcaydv
743 2345 816 2408 pap.
841 2330 870 2390 2.
896 2330 944 2390 13.
966 2362 1009 2372 -
1031 2326 1159 2392 Deinde
1180 2327 1264 2392 haee
1287 2327 1365 2392 ratio

241 2420 273 2484 in
298 2419 433 2502 singulis
455 2418 645 2501 quibdsdam
668 2419 809 2487 vooibos'
822 2423 918 2504 valet,
943 2443 1021 2506 quas
1044 2442 1084 2490 ex
1106 2423 1205 2490 variis
1229 2425 1367 2489 Doricae

240 2517 370 2582 dialeeti
392 2516 532 2582 fontibus
556 2519 791 2599 eognosoimus:
819 2514 922 2602 ἁμὲς
944 2520 980 2585 fr.
1005 2524 1063 2604 653
1087 2515 1223 2602 ἁμέων
1248 2521 1288 2586 ir.
1312 2525 1367 2604 663
1476 2527 1477 2590 1

108 2645 112 2652 ·
241 2607 342 2696 ἇμιν
365 2634 439 2698 pap.
457 2615 539 2695 273
563 2616 591 2678 2.
616 2617 673 2697 26;
696 2615 733 2681 ir.
750 2620 810 2700 773
833 2617 869 2683 fr.
888 2621 942 2701 783
965 2613 1070 2699 ἁμὸς
1092 2618 1204 2704 λε.,86;
1222 2613 1365 2702 >syroe
1476 2605 1477 2640 r

240 2733 315 2796 pop.
340 2715 368 2776 2.
393 2715 427 2794 8;
453 2707 805 2798 {synemena-pop.
829 2718 858 2778 2.
886 2719 938 2796 193
961 2712 1149 2799 χοραγός
1177 2736 1254 2800 pap.
1280 2721 1310 2782 2.
1334 2721 1366 2798 9;

1476 3567 1477 3602 (

1476 3639 1477 3674 (

1476 3855 1477 3890 (

240 2807 499 2892 μελιγάρυες
521 2809 558 2874 fr.
578 2811 634 2892 263
659 2808 828 2888 ζατεύει
850 2812 888 2877 ir.
905 2815 961 2895 333
984 2809 1115 2878 κάδεα
1137 2813 1174 2877 fr.
1196 2816 1257 2896 -993
1282 2821 1367 2896 κᾶρα

241 2906 312 2972 eod.
328 2903 432 2986 κόραν
448 2906 485 2972 fr.
503 2910 558 2989 563
581 2905 709 2985 λᾶόος
724 2910 777 2974 vel
792 2908 896 2994 λᾷόος
911 2909 947 2974 fr.
963 2912 1020 2992 963
1044 2910 1243 2976 Λατοΐδα
1259 2911 1298 2976 ir.
1318 2915 1367 2994 193

241 2999 535 3083 καδύμαλενλτ.
553 3007 610 3087 90;
634 3002 950 3088 ἄπρακταλε.28;
975 3006 1281 3092 veodam-ini&
1306 3033 1368 3075 σι-

130 3145 132 3148 -
244 3096 356 3180 δάρω
379 3099 416 3163 ir.
433 3104 483 3165 35.
521 3102 628 3167 Etiam
652 3099 805 3169 δάνιον
828 3104 889 3170 huo
911 3104 1013 3170 refero
1036 3104 1072 3168 fr.
1097 3109 1147 3186 79,
1171 3127 1366 3190 quamquam

242 3194 423 3262 Priscianus
440 3219 467 3286 e
489 3197 619 3263 brevem
643 3199 793 3266 habuisse
808 3200 936 3266 videtur
950 3208 982 3268 et
1003 3202 1138 3285 pristina
1155 3205 1246 3272 'voeis
1268 3206 1368 3270 forma

245 3289 363 3359 ὄᾶειεν
384 3292 488 3360 fuerit.
523 3295 679 3378 Vulgares
700 3297 821 3365 formae
837 3305 950 3365 extant
971 3300 1048 3365 hae:
1072 3296 1241 3386 ἡγεῖται
1263 3303 1302 3368 fr.
1319 3307 1366 3382 93,

243 3385 474 3479 ἡὸνμὲστατας
496 3393 533 3458 ir.
559 3396 618 3458 137
646 3394 899 3477 (Schneidewin,
924 3396 1032 3479 Bergk
1053 3390 1122 3481 ἄμ,
1145 3393 1234 3482 oiri->3
1265 3423 1368 3482 πρα-

108 3553 110 3558 ,
238 3493 430 3575 μηθελας
453 3490 490 3555 ir.
507 3493 547 3554 62
571 3491 820 3575 (Schneidewin,
843 3494 950 3576 Bergk
973 3499 1215 3575 προμαθείας),
1240 3495 1367 3581 δῆμος

244 3587 281 3651 fr.
304 3589 345 3650 49
367 3585 489 3669 (Bergk
512 3586 647 3669 δᾶμος),
671 3589 729 3666 sed
752 3590 869 3656 Dorioa
891 3590 994 3656 (orma
1017 3589 1148 3673 δᾶμος
1170 3593 1208 3658 fr.
1231 3596 1284 3660 33.

329 3683 443 3750 Altera
464 3703 570 3765 eausa,
598 3705 653 3752 eur
674 3687 707 3752 in
730 3687 848 3752 Dorica
869 3694 902 3752 et
923 3688 1056 3754 Aeolica
1078 3688 1225 3756 dialeotis
1247 3692 1373 3758 vocali!

246 3803 266 3844 α
289 3786 457 3864 tantopere
478 3784 674 3866 praevaleat,
698 3791 746 3850 est
768 3784 853 3867 quod
874 3785 908 3849 in
931 3785 969 3850 iis
991 3809 1032 3850 αο
1056 3792 1088 3852 et
1110 3811 1159 3852 αω
1178 3807 1278 3873 saepe
1299 3791 1332 3853 in
1347 3813 1367 3851 α
1476 3787 1477 3812 ³

246 3877 367 3954 nonin
389 3900 415 3940 ω
439 3886 602 3946 eontraota
623 3888 706 3946 sunt.
744 3881 837 3961 Quod
859 3901 985 3966 semper
1007 3883 1125 3949 (aetum
1147 3886 1251 3951 estin
1274 3905 1367 3968 gene·
1476 3927 1477 3968 η

246 3972 312 4035 (ivo
342 3973 464 4055 primae
498 3975 738 4061 deelinationis,
770 3999 852 4062 quae
883 3980 1005 4048 formae
1038 4001 1149 4048 omnes
1182 3983 1270 4067 apud
1298 3985 1367 4048 Alo·
1476 3969 1477 3989 ¹
