2986 4864
243 433 307 494 404
767 432 844 502 Ruge

241 607 445 689 tenebantur,
463 605 569 690 priore
583 603 649 670 iam
665 609 809 687 tempore
824 601 970 686 usurpari
985 607 1133 684 coeptam
1148 621 1231 683 esse,
1248 603 1368 668 urbium

241 724 318 771 vero
340 704 472 772 nominc
493 702 583 770 nullo
605 700 826 768 intercedente
849 698 1032 766 discrimine
1053 698 1150 765 modo
1172 700 1254 782 sola,
1278 700 1368 766 modo

242 821 313 867 cum
336 799 575 888 praepositione
597 799 767 867 coniuncta
789 795 876 881 poni.
967 884 971 890 Ι

277 997 457 1070 Ablativus,
475 1012 538 1073 quo
552 995 678 1056 versui
701 993 823 1070 aliquid
845 995 880 1054 in
902 993 1011 1069 aliquo
1032 992 1104 1054 loco
1125 991 1339 1070 significatur.

329 1131 502 1213 Postquam
525 1128 566 1195 de
589 1148 629 1194 ca
656 1116 792 1193 ablativi
814 1128 861 1209 vi,
893 1146 975 1208 quae
1003 1126 1076 1192 huic
1102 1127 1190 1192 casui
1213 1127 1307 1209 quasi
1328 1127 1373 1191 in·

243 1235 321 1294 nata
336 1233 394 1308 est,
418 1225 661 1308 disputavimus,
681 1225 853 1291 transimus
868 1223 912 1289 ad
933 1224 1107 1289 secuudum
1123 1244 1216 1289 usum
1240 1243 1373 1307 cumque

244 1325 279 1391 in
293 1325 406 1406 lingua
424 1325 527 1388 latina
542 1329 627 1388 certe
642 1321 908 1405 antiquissimum,
920 1339 987 1416 ¹quo
1002 1321 1165 1388 ablativus
1181 1341 1255 1388 eum
1272 1323 1373 1386 locum

244 1419 413 1504 significat,
436 1421 469 1484 in
492 1438 555 1501 quo
578 1419 702 1502 aliquid
725 1426 774 1485 est
795 1419 865 1484 sive
880 1426 1035 1483 versatur.
1068 1418 1242 1497 Quaeritur
1256 1427 1372 1501 autem,

244 1525 349 1582 utrum
372 1515 465 1581 latini
488 1516 634 1582 homines
656 1516 741 1582 hunc
764 1535 855 1581 usum
880 1514 973 1598 primi
996 1516 1237 1596 constituerint,
1268 1537 1312 1581 an
1333 1517 1371 1581 ab

173 1627 176 1636 “
244 1614 355 1680 italien
376 1613 434 1678 illa
456 1613 616 1680 communi
639 1611 848 1679 dialeetorum
870 1617 986 1693 matre,
1016 1614 1135 1696 quippe
1158 1633 1243 1698 quae
1266 1633 1373 1679 omnes

245 1718 316 1778 octo
339 1730 433 1777 casus
455 1710 644 1795 possederit,
666 1710 777 1793 adepti
792 1709 866 1775 sint.
896 1708 968 1787 Qua
984 1708 1025 1775 de
1039 1729 1074 1775 re
1093 1731 1258 1794 nunquam
1282 1730 1373 1794 quae-

245 1810 341 1876 situm
365 1815 423 1888 cst,
446 1808 532 1891 quod
554 1807 701 1873 homines
717 1807 813 1888 docti,
837 1825 1000 1890 sempera
1014 1807 1246 1874 Ciceronianae
1261 1809 1372 1874 aetatis

245 1904 376 1971 dicendi
398 1905 523 1970 ratione
545 1903 688 1988 proiecti,
711 1905 797 1970 hunc
810 1924 901 1970 usum
920 1904 954 1968 in
977 1905 1081 1986 prisca
1102 1905 1267 1971 latinitate
1281 1911 1373 1989 atque

246 2001 396 2068 dialectis
416 2001 553 2069 eundem
576 2000 675 2067 fuisse
697 2023 754 2086 pro
775 2009 863 2068 certo
884 2000 1058 2066 habebant.
1086 2003 1134 2067 Ao
1156 2005 1297 2085 primum
1311 2003 1373 2085 qui·

246 2099 321 2166 dem
344 2098 386 2165 de
408 2098 555 2165 dialectis
577 2098 828 2183 disputabimus,
856 2099 891 2162 in
913 2099 1122 2181 quibuscum
1150 2101 1311 2166 locativus
1330 2103 1373 2165 in·

246 2196 397 2262 veniatur
418 2196 460 2261 ab
482 2197 626 2261 ablativo
649 2196 752 2261 forma
774 2195 959 2277 distinctus,
989 2197 1057 2262 veri
1085 2196 1192 2263 simile
1213 2206 1264 2264 est
1286 2218 1371 2264 usum
1474 2257 1475 2264 ,

247 2310 375 2374 quoquc
407 2292 512 2374 magis
544 2292 807 2375 indogermanico
838 2295 908 2359 sive
943 2293 1136 2376 primigenio
1169 2295 1371 2378 respondere,
1474 2338 1475 2388 3

212 2433 216 2440 .
247 2407 342 2471 quam
365 2388 419 2472 qui
441 2388 475 2454 in
497 2389 610 2472 lingua
632 2390 736 2455 latina
757 2395 874 2456 exstat.

376 2523 402 2588 I.
446 2523 606 2606 Lingua
631 2524 820 2589 umbrica.

332 2639 524 2708 Aufrechtus
540 2647 571 2707 et
587 2641 813 2725 Kirchhcftins,
838 2643 983 2725 Breclus,
1005 2643 1222 2712 Buechelerus
1245 2647 1279 2712 in
1302 2667 1373 2713 non-

248 2737 347 2806 nullis
369 2738 450 2805 locis
466 2733 648 2805 ¹ablativum
671 2740 801 2806 locativi
823 2742 894 2807 loco
916 2740 1055 2825 positum
1078 2761 1150 2808 esse
1172 2750 1372 2828 putaverunt,

249 2835 325 2918 quin
349 2835 447 2902 etiam
462 2835 677 2903 Buechelerus
699 2838 733 2903 in
757 2836 914 2904 eiusmodi
936 2838 1093 2922 exemplis
1109 2839 1132 2902 d
1146 2839 1276 2908 litterae
1291 2843 1374 2908 abla-

248 2932 307 2998 tivi
336 2932 487 3017 propriae
515 2933 667 3016 reliquias
697 2935 852 3018 quasdam
881 2935 1020 3001 inveniri
1048 2936 1110 3002 sibi
1139 2940 1316 3024 persuasit,
1343 2938 1374 3004 id

248 3028 334 3114 quod
368 3048 433 3094 non
469 3028 671 3111 probandum
700 3051 772 3098 esse
801 3051 898 3115 supra
935 3031 1173 3102 demonstrasse
1206 3036 1304 3104 nobis
1334 3031 1375 3102 vi·

250 3124 374 3191 demur.

338 3225 367 3298 1)
388 3242 475 3284 carce
498 3222 586 3305 pirri
609 3234 710 3288 camut
741 3261 778 3271 -
806 3247 876 3288 croc
904 3225 995 3303 (sede
1022 3246 1086 3309 qua
1115 3230 1241 3296 steterit
1265 3267 1303 3276 -
1327 3234 1373 3306 ec)

248 3318 315 3385 tab.
338 3316 384 3383 VI
406 3339 437 3384 a.
462 3323 498 3403 53
522 3338 605 3401 quac
627 3318 749 3388 formae
770 3323 901 3390 locativi
923 3330 1007 3389 sunt.

335 3419 367 3494 2)
391 3417 553 3500 permina
579 3438 657 3501 punc
678 3439 770 3482 corsa
799 3421 854 3502 VI,
877 3421 909 3504 b,
934 3425 985 3503 37,
1014 3421 1100 3505 quod
1122 3422 1259 3490 Breclus
1286 3425 1374 3491 vertit
1472 3501 1473 3514 χ

248 3515 298 3577 uti
327 3514 359 3576 in
382 3511 512 3596 scroto,
543 3513 760 3584 Buechelerus
788 3537 865 3584 vero
888 3524 974 3584 certe
1003 3519 1120 3586 rectius
1149 3520 1373 3606 interpretatur

247 3615 401 3696 precator
422 3617 458 3672 ut
473 3611 622 3693 porcilin.

336 3711 367 3784 3)
389 3715 510 3772 troarno
531 3729 618 3772 serso
639 3708 761 3772 etceltu
781 3708 836 3793 VI,
855 3731 885 3794 a,
902 3716 921 3777 2
944 3712 1171 3795 Buechelerus,
1194 3717 1286 3783 cuius
1308 3737 1374 3786 sen·

250 3805 350 3871 tentia
371 3824 394 3870 a
414 3805 521 3870 Breali
546 3804 811 3889 interpretatione
837 3828 903 3874 non
932 3809 1066 3875 multum
1096 3800 1218 3892 differt,
1249 3814 1311 3882 hoc
1332 3815 1373 3882 sic

249 3901 421 3966 convertit:
453 3902 487 3966 ia
515 3900 715 3968 tabernaculo
737 3905 847 3968 rodata
868 3905 983 3972 iubeto.
1028 3907 1174 3976 (ionicrri
1202 3919 1311 3993 potest
1338 3913 1373 3980 si·
1471 3951 1472 3972 1

250 3993 334 4061 milis
357 3997 535 4066 enuntiatio
564 4009 686 4064 tremor
707 4023 794 4066 serre
816 4003 994 4088 oomtzfiaru
1024 4005 1070 4083 (in
1098 4007 1308 4076 tabernaculo
1330 4030 1372 4076 sc·
