2968 4866
465 428 508 484 De
525 427 663 484 Alemanis
681 432 778 499 poetae
795 427 919 493 dimasto.
1196 423 1257 486 335
1287 393 1292 398 .

197 673 217 753 ξ
240 673 268 734 2.
316 669 373 736 De
394 668 607 736 Alemanis
629 671 770 754 patria.
788 677 826 736 et
848 633 985 753 poesis
1006 668 1199 753 generab.

218 807 327 873 Panea
349 808 439 886 sunt,
470 825 553 888 quae
574 805 668 872 nobis
690 805 732 873 de
754 805 911 872 Alemane
931 805 1110 888 raduntur,
1140 805 1258 872 Laeae·

129 925 246 972 uarum
268 903 429 986 virginum
452 901 620 969 laudatore
641 908 673 969 et
689 902 778 970 duee.
812 901 863 984 Ad
879 908 1022 969 nostram
1038 903 1257 987 quaestionem

131 1003 244 1085 magni
267 1007 316 1068 est
337 1002 506 1081 momenti,
535 1000 621 1083 quod
644 999 780 1081 Sardes,
806 1020 871 1065 non
894 1000 1043 1085 Spartam
1066 1008 1181 1085 poetae
1203 1020 1259 1084 pa·

131 1102 226 1166 triam
256 1099 369 1180 luisse,
400 1117 465 1162 non
488 1097 616 1181 quidem
646 1105 839 1179 constanter,
868 1098 926 1164 sed
954 1100 1033 1165 satis
1054 1099 1149 1166 eertis
1171 1097 1259 1164 testi·

132 1197 250 1264 moniis
273 1194 434 1280 proditum
458 1201 515 1276 est,
540 1195 624 1279 quod
639 1196 711 1280 ipse
725 1194 901 1277 eonfirmat,
924 1215 994 1262 eum
1012 1195 1209 1262 eonfidenter
1224 1214 1260 1262 se

132 1297 239 1380 ipsum
270 1294 452 1375 alloquatur
479 1292 517 1358 fr.
541 1296 581 1358 25
611 1287 671 1358 οὐκ
703 1285 753 1369 εἷς
783 1288 867 1379 ἀνὴρ
897 1289 1057 1378 ἄγροικος
1174 1289 1258 1357 ἀλλὰ

132 1491 206 1558 stris
236 1495 268 1556 et
290 1489 374 1556 inter
395 1494 540 1555 veterum
562 1489 761 1571 testimonia,
791 1509 874 1573 quae
898 1487 938 1554 de
960 1490 1117 1556 Alemane
1139 1494 1259 1568 extant,

132 1607 342 1673 quaeramus,
372 1605 455 1669 quae
484 1585 623 1670 Lydiam
652 1586 841 1670 respiciant3
875 1605 972 1652 unam
1005 1586 1259 1669 interjectionem

132 1684 216 1770 βάλε
242 1683 283 1771 δὴ
306 1681 390 1767 βάλε
413 1683 590 1768 proferam,
618 1684 693 1766 quia
715 1683 758 1749 ad
780 1683 951 1749 dialeetum
973 1691 1089 1766 poetae
1112 1684 1259 1767 partinet,

134 1803 217 1867 quae
239 1782 277 1847 fr.
294 1785 381 1861 26,2
405 1781 491 1864 apud
514 1782 701 1848 Alemonam
724 1781 841 1863 legitur
863 1788 895 1846 et
916 1800 986 1846 eum
1010 1787 1135 1846 vetares
1157 1799 1260 1862 gram·

133 1881 244 1948 matiei
267 1898 340 1945 eam
364 1879 534 1944 barbaram
557 1885 673 1944 vooent
695 1885 727 1945 et
747 1878 931 1944 Semitieam
955 1898 1026 1944 esse
1048 1878 1161 1960 Lange
1176 1878 1259 1942 Abh.

135 1979 166 2044 d.
190 1979 231 2043 K.
256 1977 289 2042 S.
313 1974 388 2041 Ges.
419 1974 449 2040 d.
473 1975 667 2042 Wissensoh.
699 1975 744 2040 VI
771 1979 832 2042 330
861 1977 1049 2060 suspicetur,
1079 1975 1213 2042 fortasse
1239 1996 1261 2040 a

135 2083 235 2162 poeta
258 2078 367 2140 nostro
391 2091 433 2138 ex
455 2074 532 2139 Asia
555 2073 701 2139 traduota
723 2080 780 2140 est.
819 2073 898 2139 Cum
919 2075 1015 2156 igitur
1037 2074 1116 2140 satis
1138 2079 1261 2152 eonstet
1337 2125 1349 2146 ,

135 2171 294 2241 Sardibus
310 2171 498 2236 hiemanem
515 2189 585 2237 esse
608 2178 728 2252 natum,
752 2171 886 2238 fortasse
904 2172 974 2255 jam
989 2173 1023 2237 in
1038 2172 1116 2238 ssia
1133 2169 1268 2236 somam

134 2270 281 2339 earmina
309 2273 342 2333 et
371 2275 566 2351 cognoverat
594 2276 625 2334 et
652 2269 770 2335 imitari
798 2276 957 2353 eoeperat.
1001 2269 1149 2352 Diligens
1176 2269 1260 2334 enim

134 2367 278 2448 Homeri,
297 2367 437 2432 omnium
449 2374 615 2450 poetarum
631 2368 785 2449 magistri,
801 2368 940 2434 studium
956 2367 1043 2451 apud
1059 2387 1131 2433 eum
1147 2361 1261 2449 eogno-

135 2467 244 2546 seitur,
268 2464 319 2529 eui
341 2464 413 2547 plus
435 2463 571 2545 debetb,
595 2483 690 2546 quam
713 2465 798 2531 ullus
820 2465 902 2531 alius
924 2469 1022 2547 poeta
1043 2471 1171 2548 praeter
1192 2465 1261 2532 Ste-

135 2564 299 2630 siohorum
321 2561 360 2627 ei.
384 2560 493 2644 Bergk
516 2561 706 2644 Literaturg.
724 2565 796 2626 881.
828 2561 894 2628 Sed
910 2562 1076 2627 Alemanis
1097 2562 1262 2642 ingenium

135 2682 156 2726 a
178 2658 310 2726 sublimi
332 2658 441 2741 poesis
464 2677 583 2738 genere
605 2678 734 2750 prorsus
757 2665 806 2723 est
827 2659 984 2742 alienum,
1008 2661 1116 2742 itaque
1133 2676 1261 2723 versum

134 2758 300 2824 haroieum
330 2754 470 2836 fastidit,
502 2775 574 2820 nam
605 2755 658 2836 qui
687 2755 774 2838 apud
797 2775 868 2822 eum
896 2757 1045 2840 leguntur·
1073 2757 1261 2837 hexametri,

135 2876 192 2922 eos
215 2853 354 2939 eyelieos
377 2871 448 2919 esse
471 2857 503 2919 et
524 2854 679 2919 velocitas
700 2852 843 2937 rhythmi
864 2860 897 2920 et
922 2873 1075 2920 eaesurae
1097 2852 1262 2924 buoolioaa

135 2953 267 3031 doeant.
312 2949 411 3022 Amor
440 2951 470 3015 ei
498 2950 618 3016 arridet
645 2949 869 3034 virginumque
897 2950 1168 3035 pulchritudinem
1190 2969 1263 3016 ean-

136 3058 207 3117 tare
234 3068 299 3114 non
321 3047 483 3127 desinit'),
513 3054 545 3113 et
568 3054 655 3113 extat
682 3048 769 3133 apud
791 3049 994 3116 Athenaeum
1015 3048 1100 3114 XllI
1123 3052 1184 3114 600
1206 3049 1263 3114 Ar·

135 3148 256 3233 ehytae
284 3146 400 3212 Milesii
425 3145 581 3229 juditium
602 3141 774 3229 Ἀλκμᾶνα
788 3152 976 3230 Ιγεγονέναι
1002 3153 1069 3212 τών
1092 3144 1263 3230 ἐρωτικῶν

135 3245 248 3328 μελῶν
277 3239 455 3328 hyesdem,
481 3243 550 3308 Hae
572 3263 607 3309 re
629 3263 649 3308 a
671 3243 852 3310 Stesieboro
879 3245 1030 3328 aliisque,
1062 3245 1116 3328 qni
1139 3245 1264 3310 oboriea

135 3342 283 3410 earmina·
308 3340 536 3423 condiderunt,
564 3347 674 3407 noster
702 3351 799 3424 poeta
821 3341 926 3408 differt
953 3348 986 3407 et
1007 3341 1050 3406 ad
1074 3341 1263 3406 Lesbiorum

208 3546 230 3608 ⁶)
250 3541 290 3596 Ol.
309 3540 469 3611 Bembardy
485 3541 714 3608 Litaraturgeseh.
733 3541 761 3594 Il
781 3546 802 3607 1,
822 3545 886 3606 655,
912 3538 1015 3594 Teuffel
1033 3540 1061 3593 in
1079 3539 1165 3608 Pauly
1182 3537 1263 3596 Real·

136 3624 280 3694 eneyolop.
298 3637 321 3677 s.
339 3637 364 3677 v.
383 3619 505 3678 Alcman.

185 3747 188 3760 .
209 3703 231 3769 θ)
254 3701 345 3756 Multa
362 3708 522 3770 argumenta
539 3716 572 3756 ex
590 3701 675 3770 epicis
693 3701 855 3756 carminibus
877 3701 963 3772 petita
985 3699 1084 3756 eisdem
1101 3700 1158 3754 fera
1175 3700 1264 3755 uerbis

137 3782 228 3840 reddit
246 3781 284 3838 ef:
300 3781 333 3836 fr.
353 3785 394 3835 29.
413 3787 455 3836 40.
475 3787 516 3836 41.
584 3818 602 3837 ,-

102 3877 139 3946 θ’
210 3865 232 3930 ⁷)
258 3861 398 3930 Quomodo
416 3861 452 3917 ad
473 3861 526 3917 hoe
544 3868 729 3930 argumentum
753 3877 839 3932 usque
856 3865 1015 3927 revertatur,
1040 3862 1119 3918 docet
1135 3875 1264 3931 papyrus,

138 3946 168 4000 in
191 3958 246 4014 qno
272 3948 416 4012 postquem
439 3942 536 3997 heroes
560 3941 679 3997 breviter
697 3941 854 4009 celebravit,
883 3942 973 3997 subito
996 3941 1091 3996 incidit
1114 3941 1265 3998 orationem

138 4024 245 4082 verbis:
269 4020 341 4094 ἐγών
360 4019 388 4076 d’
410 4018 492 4076 ἀείδω
509 4018 624 4093 Ἀγιδῶς
641 4022 672 4076 τὸ
692 4026 754 4093 φῶς
772 4023 840 4090 (115
858 4023 956 4090 Blass).
