2968 4866
381 448 388 460 ·
409 441 586 508 Quaestiones
604 439 827 509 dialectologieae
843 455 966 510 graeeuoe.
1187 440 1249 504 263
1361 507 1373 521 μ

200 723 299 790 Νονο
321 723 406 789 enim
428 742 532 807 nuper
553 721 718 802 dialeotus,
743 720 932 805 prriea,
957 723 1085 806 egregio
1106 724 1246 792 virorum

115 822 284 889 doctorum
313 819 419 887 studio
447 820 541 886 nobis
570 820 733 902 patelaota
761 825 818 886 est.
862 818 996 904 Berglnii
1025 827 1074 887 est
1099 821 1159 897 (tit.
1180 842 1245 889 aro.

116 920 385 996 Hall01860l61)
415 917 551 1000 primum
580 917 770 1000 cognovisse
799 914 969 1001 prrioam
997 917 1170 986 dialectum
1200 919 1247 986 in·

115 1019 214 1084 timae
236 1013 438 1099 cognationis
460 1014 587 1081 vinoulo
605 1034 676 1080 eum
691 1012 839 1080 aroadiea
853 1033 1009 1082 conexam
1025 1016 1138 1100 luisse;
1161 1037 1245 1100 quae

115 1134 167 1182 res
189 1114 312 1199 optime
332 1112 367 1177 in
388 1111 469 1177 illud
492 1111 637 1195 quadrat,
663 1110 748 1195 quod
764 1109 888 1196 Cyprus
902 1114 1010 1180 insula
1025 1113 1186 1198 quondam
1204 1134 1245 1182 ox

65 1237 70 1244 ²
115 1211 259 1278 Arcadia
280 1217 313 1277 et
329 1211 452 1277 incolas
467 1215 499 1276 et
512 1208 659 1275 instituta
674 1210 837 1294 aooepisse
852 1210 984 1295 dieitur;
1007 1210 1046 1278 el.
1054 1211 1147 1279 Paus.
1157 1213 1244 1278 VIII.
1338 1199 1347 1220 ⁸

117 1313 145 1375 5.
162 1313 198 1376 2:
216 1305 414 1395 Ἀγαπήνωρ
438 1306 474 1372 dd
499 1302 688 1390 ὖἍγκαίοο
711 1304 747 1383 ἐς
772 1313 898 1393 Τροίαν
921 1303 1071 1396 ήγήσατο
1089 1305 1244 1395 Ἀρκάσι.

112 1402 209 1472 Ἰλίου
233 1405 271 1472 δὲ
295 1400 441 1492 ἁλούσης
557 1401 683 1486 χειμών
699 1400 919 1491 Ἀγαπήνορα
941 1409 998 1473 καὶ
1019 1405 1059 1471 τὸ
1074 1403 1244 1491 Ἀρκάδων

116 1501 274 1570 ναυτικὸν
297 1500 494 1589 κατήνεγκεν
518 1499 568 1578 εἰς
593 1500 732 1586 Κύπρον
754 1504 811 1568 καὶ
833 1502 961 1590 Πάφου
984 1527 1020 1570 τε
1045 1501 1244 1592 Ἀγαπήνωρ

115 1599 251 1685 ἐγένετο
274 1598 438 1687 οἰκιστής.

201 1699 271 1764 lam
295 1717 371 1764 vero
393 1696 479 1780 quod
505 1696 562 1762 ille
590 1697 700 1780 paucis
722 1696 861 1781 Hesyohi
890 1697 1007 1782 glossis
1036 1705 1245 1781 veterumque

114 1796 205 1862 libris
229 1795 317 1873 nisus
340 1794 546 1877 sagacissime
568 1794 713 1876 conlusit,
735 1795 813 1877 ipsis
836 1794 936 1866 titulis
958 1794 1078 1878 optimo
1101 1815 1243 1880 compro·

114 1894 225 1960 batum
249 1900 307 1959 est.

200 1990 327 2057 Lioehit
359 1997 484 2073 autem,
517 2009 629 2074 opero,
667 1990 700 2054 in
733 1989 877 2072 generali
911 1989 1003 2056 huius
1036 1991 1244 2074 praelationis

113 2096 230 2154 natura
252 2088 363 2170 paullo
386 2087 504 2152 diutius
525 2086 559 2151 in
582 2085 750 2153 oroadioae
778 2093 811 2153 et
838 2085 987 2170 eyprioae
1010 2087 1137 2154 dialecti
1159 2107 1243 2154 oom-

113 2185 284 2268 paratione
313 2185 443 2250 versari.
489 2185 581 2251 Duae
603 2185 704 2267 enim,
733 2184 767 2248 ni
789 2183 900 2265 fallor,
929 2202 981 2250 res
1003 2185 1063 2250 toti
1084 2185 1158 2252 huio
1181 2184 1244 2252 dis·

113 2283 279 2365 quisitioni
311 2282 522 2365 gravissimae
556 2301 597 2350 ex
629 2303 668 2348 ea
704 2280 784 2348 disei
820 2289 969 2365 possunt:
1007 2282 1143 2367 primum
1181 2303 1243 2367 quo

112 2380 209 2446 modo
224 2379 424 2462 digressione
439 2380 524 2446 laeta
546 2400 587 2446 ex
609 2400 674 2445 una
689 2378 826 2444 dialecto
843 2377 926 2445 duae
949 2379 1100 2461 oriantur,
1125 2379 1243 2448 deiude

84 2529 86 2532 .
112 2479 225 2560 qualos
249 2476 390 2545 debeant
410 2497 481 2544 esse
504 2476 588 2544 duae
611 2476 756 2558 dialecti,
794 2483 827 2541 ut
849 2476 976 2543 artioris
997 2477 1243 2545 nenessitudinis

111 2575 242 2642 vinoulo
276 2575 465 2641 coniunctae
499 2573 688 2640 iudicentur.
745 2574 813 2639 Ηοο
841 2591 919 2639 vero
952 2573 1047 2638 modo
1081 2575 1243 2658 utriusque

111 2672 244 2742 dialeoti
269 2681 383 2740 natura
404 2681 437 2739 et
458 2671 603 2738 eondioio
627 2671 748 2753 optime
770 2670 917 2753 eognosoi
945 2678 1088 2754 possunt.

176 2953 202 3018 l.
236 2951 403 3018 Praeter
431 2970 566 3018 omnes
589 2952 773 3047 reliquas
796 2949 952 3018 dialectos
973 2949 1242 3036 arendo-eyprioa

108 3050 159 3118 his
182 3049 281 3116 rebus
302 3048 439 3134 insignis
462 3055 526 3114 est:

222 3152 251 3212 1.
287 3153 393 3230 genet.
416 3146 432 3210 Ι
455 3165 553 3212 maso.
576 3146 658 3228 sing.
680 3165 743 3212 aro.
770 3148 927 3230 Θρασέαν
951 3143 990 3210 ol.
1007 3142 1135 3211 Gelblno
1157 3143 1240 3210 stud.

161 3319 164 3325 ¹
286 3245 385 3310 1123.
401 3263 490 3328 cypr.
503 3240 731 3327 Ὀνασαγόραο
747 3242 796 3309 Id.
812 3245 841 3308 2.
861 3237 1107 3326 Ἀρισταγόραν
1116 3241 1239 3308 XVIII.

229 3353 231 3358 ’
289 3340 331 3407 de
352 3340 553 3425 Pamphyliis
575 3338 614 3405 ol.
637 3342 657 3421 ξ
680 3345 699 3406 5
723 3341 759 3405 Β.
782 3360 808 3421 ο,
826 3341 856 3404 2.

220 3441 250 3503 2.
286 3444 393 3521 genet.
416 3438 449 3502 II
470 3457 567 3504 maso.
590 3436 672 3519 sing.
694 3436 728 3500 in
750 3459 825 3502 -ων,
847 3454 911 3502 aro.
933 3436 1031 3501 των-2
1052 3439 1100 3499 τοῦ
1123 3432 1203 3513 ἐκιζ
1225 3471 1242 3484 -

288 3539 355 3618 μίαν
371 3541 434 3618 teg.
447 3538 487 3601 38
503 3530 840 3618 uyp1·.d)eload⁷nng‚
860 3524 1111 3616 Ὀνασικύνορων
1127 3531 1166 3596 el.
1178 3531 1243 3596 Ah·
1370 3610 1373 3616 Ι

289 3653 363 3700 rens
385 3632 498 3718 philol.
521 3629 660 3698 XXXV.
682 3633 729 3694 12.

219 3736 251 3798 3.
289 3726 358 3796 dni
381 3750 408 3796 α.
425 3728 490 3795 dut.
513 3748 578 3796 aro.
593 3724 662 3794 ἀπὸ
685 3731 727 3813 τᾷ
750 3718 790 3790 ἂν
813 3719 922 3811 ἁμέρᾳ
943 3731 1043 3809 tege
1065 3743 1154 3810 uypr.
1170 3720 1239 3790 ἄνού

287 3832 345 3893 ada
367 3826 422 3907 ζᾶι
448 3826 497 3892 Id.
514 3829 543 3892 8.

219 3931 250 3991 4.
288 3922 323 4002 ἐς
346 3943 373 3990 ο.
397 3922 462 3990 dat.
485 3924 571 4002 (loo.)
600 3941 664 3988 are.
689 3918 725 4000 ἐς
746 3930 802 3986 soz
823 3917 917 4005 ἔργον
941 3926 1007 4003 teg.
1029 3923 1067 3984 51
1092 3939 1181 4006 cypr.
1205 3917 1243 4000 ἐξ

287 4032 343 4088 aot
363 4025 481 4087 Folaoe
503 4020 553 4087 Id.
570 4025 599 4086 6.
