2916 4872
488 425 609 482 schedae
626 426 826 496 grammaticae.
1160 426 1221 488 119

108 599 137 713 in
162 597 349 666 abscondita
376 597 586 667 adnotatione
613 602 653 664 29
681 621 713 684 p.
738 604 778 666 55
807 599 943 666 eandem
971 603 1221 687 explicationem

106 697 380 860 111ίίὃὲ11111661111611
408 793 681 878 praepositionem
704 793 889 878 explicandi
911 796 1026 862 rationi
1048 797 1222 882 probabili·

107 900 193 958 tatem
215 891 382 974 conciliat,
406 891 492 974 quod
515 890 557 956 κά
580 893 613 958 in
635 892 801 958 vocabulis
824 889 961 972 κάσσον,
985 893 1136 976 καλάζει,
1160 894 1220 960 κά-

106 990 185 1072 λαμοι
205 1009 276 1055 oum
299 989 446 1072 sequenti
468 990 572 1054 vocali
595 990 753 1056 coaluisse
775 989 910 1073 videtur,
940 998 972 1057 61
994 993 1079 1076 quod
1092 993 1135 1059 in
1157 994 1220 1060 He-

106 1087 207 1154 siodea
233 1107 314 1154 voce
345 1086 507 1168 καυάξαις
537 1088 698 1171 digammo
724 1087 759 1154 in
781 1112 800 1151 v
823 1095 945 1154 mutato
974 1091 1221 1176 praepositionis

106 1183 143 1250 κά
162 1186 288 1252 vocales
312 1209 333 1249 α
356 1193 388 1252 61
409 1211 427 1250 v
451 1185 684 1270 diphthongum
713 1184 835 1251 iaciunt
864 1184 1060 1268 (κῶάξαις).
1105 1189 1221 1269 Quam·

106 1303 190 1366 quam
212 1283 298 1350 enim
314 1284 349 1348 in
364 1283 495 1350 Homeri
509 1283 704 1350 carminibus
716 1283 808 1348 varia
828 1286 1079 1354 assimulationis
1101 1307 1222 1370 genera

105 1386 198 1464 (aad,
228 1404 319 1465 καγ-,
350 1380 441 1460 καδ-,
473 1405 561 1459 κακ-,
586 1380 674 1460 καλ-,
698 1405 792 1463 καμ-,
816 1404 904 1462 καν-,
929 1407 1025 1463 saw,
1057 1389 1149 1471 nep-J
1175 1385 1222 1450 in·

106 1479 273 1560 veniuntur,
301 1486 411 1545 tamen
433 1478 514 1543 illud
537 1475 698 1560 καυάξαις
721 1497 825 1562 neque
846 1479 892 1545 ita
914 1481 992 1548 satis
1014 1483 1098 1549 hone
1122 1482 1222 1566 expli·

104 1577 160 1642 cari
181 1584 301 1660 potest,
332 1584 366 1642 ut
387 1601 407 1641 1
428 1577 535 1642 littera
557 1577 703 1660 sequenti
720 1601 742 1641 r
763 1577 952 1650 assimulata
974 1579 1032 1662 sit,
1059 1601 1117 1646 neo
1140 1581 1221 1646 eius·

105 1673 168 1741 dem
189 1675 318 1742 litterae
340 1682 416 1741 ante
437 1699 459 1739 r
482 1673 572 1740 elisio
596 1675 753 1760 exemplis
775 1673 988 1744 confirmatur.

178 1773 247 1839 Huc
270 1770 406 1854 accedit,
430 1771 515 1854 quod
538 1771 670 1839 Italicae
692 1773 824 1855 linguae
846 1773 967 1840 similes
989 1773 1108 1839 formas
1130 1793 1222 1857 prae-

105 1869 185 1952 bent,
219 1890 260 1937 ax
291 1890 354 1954 quo
390 1869 541 1936 coniicias
578 1868 620 1934 κά
656 1869 913 1953 graecoitalicam
949 1870 1220 1955 praepositionem

103 1967 202 2035 luisse:

180 2096 209 2170 1)
245 2091 437 2158 Oscorum
452 2089 580 2154 forma
602 2088 751 2164 cre-boort,
775 2097 871 2173 quam
888 2089 1013 2156 Curtius
1030 2089 1064 2155 in
1081 2091 1171 2157 Stud.
1188 2091 1222 2157 ΙΙ

102 2209 129 2272 p.
143 2195 200 2256 437
224 2188 386 2267 tractavit,
410 2187 529 2252 collata
551 2186 780 2271 θυι-1116111116
805 2187 943 2271 odocait;
967 2186 1114 2270 (lorssen,
1137 2188 1222 2255 Zeit-

102 2287 203 2352 achrilt
223 2287 283 2368 XI,
308 2291 382 2360 414)
405 2284 675 2368 praepositionem
698 2287 864 2352 continere
885 2285 1020 2368 videtur,
1044 2305 1221 2369 quaecum

101 2381 138 2446 κά
159 2391 262 2468 potest
283 2383 472 2467 comparari.

180 2512 210 2583 2)
248 2501 437 2573 Latinum
466 2508 561 2568 σι’-1111
590 2504 634 2571 ad
662 2504 799 2571 eandem
829 2504 963 2570 formam
989 2505 1149 2590 pertinere
1177 2507 1222 2571 vi·

103 2602 195 2670 detur.
235 2606 280 2672 Ut
302 2606 412 2676 ire-tro,
436 2605 545 2674 iro-tro,
570 2603 667 2664 ire-ter
689 2623 710 2666 a
731 2603 971 2685 praepositione
993 2605 1034 2676 in,
1056 2601 1179 2664 ond-ter
1201 2623 1221 2668 a

102 2701 165 2776 rub,
191 2713 324 2787 praeter
346 2722 366 2767 a
393 2722 474 2785 prae
496 2700 643 2765 derivata
665 2706 754 2780 sunt,
785 2701 831 2764 ita
853 2699 940 2764 haud
964 2699 1060 2764 dubie
1082 2706 1179 2762 σι’-116
1201 2720 1222 2765 a

102 2801 172 2873 *oi-,
195 2820 331 2882 quocum
355 2796 398 2863 κά
419 2816 611 2882 comparem,
636 2795 808 2862 deductum
830 2803 889 2862 est.

179 2926 209 3000 3)
241 2922 366 2990 Eadem
384 2921 490 3003 stirps,
514 2939 608 3002 quam
632 2937 673 2984 ex
696 2920 792 2981 oi-tro
814 2918 1003 3002 colligimus,
1027 2919 1164 2985 eundem
1187 2921 1221 2986 in

102 3020 223 3084 modum
245 3028 345 3103 atque
367 3017 405 3084 ἐκ
427 3020 460 3084 111
485 3017 531 3098 ἐξ,
555 3017 638 3082 11111
659 3015 717 3093 εἰς,
741 3015 797 3078 cub
812 3017 846 3081 in
861 3016 959 3094 ,11111111
982 3015 1080 3092 (Ourt.
1098 3019 1221 3100 Etyma

102 3119 169 3194 291)
191 3119 224 3183 in
247 3120 293 3180 cis
314 3115 509 3200 amplificata
529 3124 586 3197 est,
611 3133 693 3196 quae
713 3115 747 3179 in
763 3115 913 3180 Plautino
935 3114 1113 3198 otc-pellere
1136 3116 1222 3193 (Am-

100 3215 173 3296 phit.
197 3220 227 3281 3.
250 3221 280 3280 4.
308 3219 358 3292 17)
380 3233 478 3279 verae
500 3211 747 3296 praepositionis
769 3232 901 3279 munere
923 3212 1075 3295 iungitur.

180 3319 211 3393 4)
248 3313 382 3378 Latinos
403 3311 612 3394 imperativos
633 3309 732 3376 cedo
755 3317 787 3376 et
809 3316 931 3389 cette,
962 3329 1094 3391 quorum
1116 3319 1221 3394 poste·
1291 3386 1294 3399 ,
1329 3395 1334 3406 ,

102 3408 193 3476 riores
215 3417 325 3494 partes
347 3411 465 3475 formas
487 3407 608 3485 11616111)
631 3414 663 3473 61
684 3407 758 3470 dote
780 3408 953 3486 continent,
977 3426 1018 3472 en
1040 3405 1219 3481 *reduced

102 3509 243 3571 *oe-dote
267 3527 410 3592 syncope
433 3507 554 3572 vocalis
576 3527 595 3567 o
617 3505 702 3570 iacta
724 3510 809 3570 ortos
832 3523 903 3571 esse
925 3505 1004 3569 satis
1030 3509 1139 3569 notum
1162 3510 1220 3570 est.

181 3630 316 3697 Duabus
343 3630 439 3713 igitur
468 3629 518 3695 his
547 3628 724 3694 rationibus
751 3625 833 3691 illud
856 3623 899 3691 κά
923 3625 1076 3709 explicari
1105 3631 1220 3708 potest,

102 3745 226 3807 quarum
256 3735 328 3794 utra
356 3733 443 3795 recte
473 3727 529 3808 sit,
559 3725 707 3809 equidem
736 3745 800 3789 non
830 3722 978 3789 diiudioo.
1024 3719 1171 3789 Ceterum
1193 3724 1221 3790 si

102 3823 273 3893 breviorem
296 3827 430 3891 iormam
453 3825 584 3908 plenam
606 3830 638 3890 et
660 3824 701 3888 ab
723 3821 836 3886 ultima
858 3821 1048 3904 antiquitate
1071 3819 1220 3887 traditam

101 3938 168 3988 esse
187 3924 365 4005 statuimus,
390 3922 449 3988 erit
470 3924 550 3988 haec
565 3922 667 3986 torma
680 3937 817 4001 graecae
837 3919 958 3984 latinae
982 3937 1076 3984 oscae
1097 3918 1222 4002 lingua-

102 4038 165 4083 rum
187 4021 373 4102 communis,
396 4021 447 4087 sin
469 4021 603 4086 alteram
627 4014 812 4099 explicandi
833 4017 920 4082 viam
937 4014 1143 4099 ingredimur,
1167 4035 1222 4083 ne·
