2986 4864
243 415 305 478 380
323 425 328 434 “
755 418 849 488 Spiess

242 593 385 660 frustulis
404 591 599 660 Alemaniois
621 609 848 674 rooognosoere
869 591 990 674 possis3
1014 589 1100 656 solos
1121 590 1328 658 hexametros
1349 611 1369 658 a

242 697 418 758 oeterorum
448 691 573 763 ratione
600 688 727 772 longius
755 688 906 754 recedere
928 708 1000 754 oum
1029 689 1139 771 aliqua
1159 689 1235 776 ,veri
1264 691 1369 774 speeie

243 789 358 873 conjici
379 795 495 872 potest,
518 786 577 854 sed
600 785 869 852 eonsiderandum
891 786 953 851 hoe
974 805 1099 869 quoque
1115 793 1173 869 est,
1197 807 1254 853 eos
1276 789 1369 872 oyoli·

242 907 296 952 eos
332 906 403 954 esse
436 887 577 971 rhythmi
612 884 783 950 valooitate
815 890 847 950 et
879 883 1026 948 bueoiioa
1058 903 1191 950 oaesura
1224 885 1367 969 probari;

242 991 338 1068 atque
367 984 573 1050 inveniuntur
602 981 636 1046 in
664 980 704 1048 iis
726 983 789 1048 hae
819 980 941 1046 formae
963 981 1160 1047 Laoouioao:
1198 977 1296 1047 δίαιθ’
1320 983 1369 1049 vel

242 1077 357 1147 ἄπαιδ’
382 1080 419 1147 ir.
443 1087 498 1165 4¹5
522 1079 594 1158 κᾶν,
618 1079 670 1165 (iri,
694 1078 786 1144 πακδι
808 1078 846 1143 fn.
870 1081 928 1160 423
951 1085 1098 1164 ποτῆται
1120 1079 1158 1144 fr.
1182 1083 1234 1144 to.

328 1181 478 1246 Attamen
501 1185 550 1244 est
563 1177 673 1259 aliqua
689 1176 870 1243 differentia
884 1175 1014 1242 dialeoti
1029 1177 1064 1240 in
1080 1177 1223 1242 tontibus
1243 1178 1368 1260 nostris,

244 1278 327 1344 inter
348 1296 505 1360 papyrum
529 1281 562 1340 et
583 1280 689 1340 cetera
703 1274 892 1357 fragmenta,
916 1293 1011 1355 quam
1028 1293 1094 1338 rem
1110 1275 1240 1340 Ahrens
1255 1275 1369 1341 Philol.

241 1374 370 1440 XXVII
394 1377 455 1436 275
479 1372 529 1437 his
551 1371 658 1437 verbis
679 1370 831 1446 affirmat:
869 1389 985 1447 ,wenn
1008 1371 1086 1435 aber
1109 1373 1247 1438 Alcman
1270 1373 1308 1438 ir.
1334 1377 1373 1438 ro

243 1472 296 1538 die
316 1471 411 1536 Form
434 1472 500 1547 τέο,
522 1468 611 1533 nieht
632 1471 685 1532 ιίο
708 1467 886 1550 gebrauoht
908 1467 980 1549 hat,
1004 1488 1039 1533 so
1062 1469 1147 1534 steht
1170 1469 1241 1536 dies
1259 1470 1369 1553 jenem

242 1574 297 1635 rto
327 1569 416 1636 nieht
445 1573 621 1650 entgegen‚
652 1565 726 1631 weil
755 1565 813 1629 der
835 1565 962 1630 Dialeet
990 1565 1108 1631 andren
1130 1566 1292 1633 Gediohte
1315 1569 1370 1632 des

241 1668 377 1735 Aleman
387 1666 453 1732 viel
464 1664 607 1746 weniger
617 1663 781 1728 laconiseh
793 1663 844 1745 ist,
857 1664 907 1728 als
920 1663 978 1729 der
989 1663 1094 1729 dieses
1105 1664 1370 1731 Partheneions.¹‘

243 1766 334 1848 Quae
357 1763 528 1830 diversitas
557 1780 627 1826 oum
651 1780 691 1826 ex
712 1759 800 1826 illius
822 1761 973 1826 carminis
1001 1767 1116 1826 natura
1139 1763 1296 1846 explicari
1319 1783 1370 1829 no

242 1871 348 1947 queat,
379 1863 520 1945 sequitur
543 1878 613 1925 eam
637 1857 765 1924 div'ersa
787 1857 921 1924 fontium
945 1857 1133 1924 eondioiouo
1155 1867 1261 1926 ortam
1285 1881 1369 1944 esse,

240 1960 390 2043 itaquae
413 1962 524 2025 oharta
552 1962 659 2024 estora
687 1953 868 2036 fragmenta
890 1954 1069 2022 'emandare
1097 1956 1192 2023 nobis
1214 1958 1301 2024 lieet.
1330 1995 1370 2005 —

243 2058 374 2123 Summa
396 2055 578 2123 constantia
592 2052 785 2118 Laoonioum
802 2075 823 2114 α
844 2072 988 2137 papyrus
1009 2053 1150 2136 retinuit,
1175 2055 1370 2138 expellenda

203 2196 205 2200 -
241 2155 338 2238 igitur
366 2159 414 2220 est
442 2155 475 2218 in
503 2152 618 2218 ceteris
648 2148 758 2215 Ionios
786 2148 920 2236 literar]
950 2153 1027 2228 (una
1055 2171 1135 2216 vooe
1162 2156 1367 2239 βωτιανείρῃ

242 2252 377 2318 tortasse
407 2252 570 2332 exeepta);
601 2253 742 2312 aetorum
770 2265 921 2312 numerus
948 2255 1166 2331 corruptarum
1196 2248 1368 2316 formarum

242 2369 313 2414 oum
334 2349 531 2431 integrarum
553 2363 685 2409 numero
708 2348 910 2426 eomparatur
933 2343 1012 2411 satis
1034 2365 1153 2429 parvus
1176 2353 1235 2412 est.
1282 2347 1369 2413 Diffi·

241 2447 333 2512 oiiior
354 2451 404 2512 est
425 2445 507 2510 ratio
530 2442 801 2528 diphthongorum
825 2465 856 2506 ει
880 2449 911 2507 et
934 2466 971 2506 ov
995 2462 1053 2525 pro
1076 2467 1095 2528 η
1120 2449 1153 2510 et
1171 2466 1214 2528 ως
1239 2465 1317 2510 narn
1340 2451 1370 2510 et

242 2546 393 2627 vulgares
423 2542 545 2608 formae
576 2540 643 2606 fere
676 2538 809 2605 totidem
838 2546 912 2604 sunt
939 2545 1037 2622 atque
1065 2540 1248 2607 Laeonioae
1276 2543 1369 2608 etin

241 2662 365 2727 papyro
387 2642 553 2723 leguntur:
576 2642 733 2720 καμοῦσι,
758 2633 953 2720 (ipepotanus,
978 2635 1070 2718 ε’ίμεν
1086 2635 1265 2704 infinitivus
1280 2639 1369 2706 verbi
1479 2693 1480 2700 ,

242 2735 433 2805 substantivi
455 2761 474 2821 η
497 2735 746 2819 superseriptum
768 2732 876 2798 habet.
913 2733 1058 2818 Apparet
1075 2733 1145 2816 jam
1167 2736 1201 2800 in
1224 2743 1368 2802 veterum

241 2835 466 2918 manuseriptis
489 2858 521 2900 ει
542 2841 574 2899 et
602 2857 641 2897 ου
672 2831 831 2910 extitisse,
861 2830 919 2896 sed
947 2851 1023 2896 num
1052 2851 1092 2896 aa
1120 2832 1155 2896 in
1182 2833 1369 2900 melioribus

239 2931 330 2998 libris
358 2932 477 3014 soripta
506 2930 585 3011 sint,
615 2929 770 2994 insertum
793 2925 920 2993 videtur
947 2936 1078 3013 propter
1107 2931 1293 3013 exemplum
1316 2953 1368 3016 po·
1478 2923 1479 2958 ³

241 3035 358 3095 onemo
380 3029 525 3092 aliatum.
568 3027 641 3092 Jam
664 3026 725 3091 hoe
747 3024 854 3090 animo
877 3031 1022 3108 reputes:
1048 3025 1197 3091 infinitivi
1220 3034 1289 3096 tres
1311 3038 1368 3097 ter·

240 3124 433 3190 minationes
464 3124 497 3187 in
531 3123 672 3188 tontibus
704 3122 822 3188 nostris
854 3123 1056 3207 reperiuntur
1087 3147 1152 3202 -εν,
1185 3149 1256 3211 -ην,
1291 3153 1367 3193 -ειν,

240 3223 348 3288 Prima
375 3228 408 3287 et
434 3219 468 3285 in
501 3239 625 3305 papyro
655 3226 686 3285 et
714 3221 747 3284 in
778 3220 892 3288 ceteris
920 3219 1062 3286 frustulis
1094 3221 1188 3288 nobis
1220 3225 1366 3306 ooourrit,

240 3321 376 3386 alteram
405 3318 518 3384 eharta
549 3317 705 3401 praebere
733 3319 862 3384 videtur
889 3312 1034 3405 ἆνδάνην
1064 3321 1176 3400 3.19,
1208 3320 1308 3386 tertia
1335 3321 1366 3386 in

241 3417 355 3485 esteris
369 3415 555 3499 fragmentis
571 3420 684 3498 quater
705 3416 833 3498 legitur,
857 3414 1005 3497 equibus
1019 3416 1129 3481 formis
1143 3436 1241 3482 uuam
1258 3418 1366 3502 Bergk
1476 3495 1477 3498 Ἴ

240 3515 376 3581 mutavit
395 3514 597 3597 grammatiei
618 3513 725 3578 verbis
747 3513 901 3578 monitus:
923 3511 962 3577 τὸ
981 3510 1045 3595 γὰρ
1062 3511 1251 3577 λακωνικόν
1275 3512 1367 3581 ἔστιν

242 3605 369 3679 ἇείδειν
392 3605 415 3699 ἢ
437 3607 566 3676 διείδεν·
589 3609 634 3697 μὴ
661 3609 695 3675 δ’
721 3608 777 3695 ἔμ’
803 3606 931 3676 ἀείδειν
960 3605 1108 3692 ἀπέρυκε
1132 3609 1168 3674 fr.
1185 3614 1239 3676 57.
1278 3612 1322 3677 At
1340 3611 1366 3677 si

241 3717 366 3776 oonstat
388 3709 421 3774 in
444 3709 504 3774 hae
527 3728 606 3775 vooe
626 3731 694 3773 -ειν
710 3728 750 3774 ex
765 3731 823 3795 -ην
846 3713 1028 3790 eorruptum
1043 3725 1125 3788 esse,
1147 3726 1258 3774 nonne
1281 3708 1366 3774 idem

239 3807 416 3874 verisimile
437 3805 566 3872 videtur
587 3806 624 3870 in
644 3803 832 3889 κατάρχειν,
856 3802 1082 3890 κιθαρίσδειν,
1107 3803 1249 3890 ponaer?
1294 3807 1365 3870 Non

240 3904 346 3968 minus
367 3907 401 3968 in
424 3915 536 3980 κεῖνος
557 3903 595 3968 fr.
619 3907 657 3969 13
682 3903 915 3986 diphthongum
937 3901 1069 3967 librario
1093 3899 1220 3966 auidam
1245 3901 1364 3983 deberi,

242 3999 407 4080 Apollonii
428 3999 596 4067 frustulum
607 4000 771 4067 afferentis
793 4000 893 4066 verba
915 3999 1052 4082 prodere
1073 3997 1233 4080 videntur,
1258 4018 1364 4081 quam-
