2916 4872
472 439 594 496 Sobedae
611 417 811 508 grammaticae.
1165 434 1205 496 at

87 616 255 698 plicarent,
283 612 396 678 mirum
422 612 457 679 in
486 610 616 677 modom
638 632 659 677 a
681 610 878 676 nominativo
906 606 990 692 υῖΐς,
1021 613 1075 696 qui
1097 613 1206 679 nullus

86 720 139 795 est,
162 711 294 796 profecti
316 717 398 776 suut.
430 709 506 790 (oa.
521 709 683 791 Welcker,
706 709 786 775 blus.
809 709 913 776 Rhen.
935 711 1016 776 1848
1040 711 1096 790 VI,
1120 712 1205 788 394.)

163 809 324 877 Paulatim
338 808 441 874 torma
455 805 529 884 υἱός
544 807 675 879 Graecis
697 812 828 890 proptor
850 812 917 874 tres
939 808 1054 876 molles
1076 809 1205 875 vocales

84 908 217 976 molesta
244 907 329 974 lacta
350 914 408 974 est.
453 905 560 985 Quare
588 904 709 970 formae
740 901 853 972 suffixo
881 929 948 969 -o-
975 903 1150 972 instructae
1170 906 1205 971 in

84 1005 329 1088 frequentiorem
350 1023 443 1070 nsum
464 1010 631 1070 venerunt.
670 1003 814 1072 Lacones
835 1007 953 1084 autem,
977 1005 1032 1086 qui
1049 1025 1067 1066 c
1082 1023 1162 1070 sono
1185 1023 1205 1067 u

83 1103 347 1186 pronuntiabant,
375 1102 471 1168 istam
499 1102 632 1166 formam
660 1100 841 1166 tuebantur.
887 1101 1007 1166 Notatu
1035 1101 1136 1185 digna
1157 1108 1207 1169 est

83 1201 271 1282 alteratio,
303 1219 399 1283 quam
427 1199 539 1281 lingua
567 1196 661 1264 trium
691 1197 820 1262 illarum
849 1199 1009 1265 vocalium
1034 1217 1206 1266 concursus

84 1297 204 1364 vitandi
233 1302 343 1364 secuta
371 1303 429 1362 est
473 1296 512 1362 In
545 1295 670 1360 duabus
704 1294 789 1360 euim
815 1295 1093 1380 inscriptionibus,
1126 1316 1206 1380 quas

84 1395 273 1462 Welckerus
293 1395 328 1460 iu
350 1395 429 1462 Mus
454 1393 556 1459 Rhen.
584 1395 663 1459 1848
687 1393 845 1475 tractavit,
868 1400 974 1460 exstat
994 1390 1077 1474 υῑῧς,

121 1525 152 1589 p.
165 1508 228 1570 393
251 1500 414 1588 Εὕχειρος
437 1501 600 1589 ἐποίησεν
617 1499 837 1586 ·Οὖργοτίμου
859 1507 1043 1569 ΗΥΙΗΥΣ
1061 1511 1094 1572 ct

122 1622 152 1684 p.
163 1605 227 1667 394
250 1605 430 1667 ΕΥΧΕΡΣ
438 1602 711 1666 ΕΠΟΙΟΕΣΕΝ
723 1601 1209 1668 ΗΟΕΡΛΟΤΙΜΟΗΥΙΗΣ

86 1717 122 1780 Iu
148 1717 326 1801 posteriore
353 1716 446 1782 titulo
466 1715 665 1781 wolckerus
693 1713 776 1780 vidit
803 1723 876 1799 post
903 1718 1039 1782 alterum
1063 1719 1103 1779 H
1131 1733 1207 1782 casu

84 1815 218 1896 quodam
234 1839 253 1878 v
270 1814 408 1880 litteram
425 1811 593 1880 excidisse.
624 1811 761 1896 Spiritus
776 1832 880 1896 asper,
902 1822 936 1878 ut
951 1814 983 1878 iu
1000 1813 1208 1880 Heracleensi

84 1913 238 1980 vocabulo
261 1910 510 1998 πενταέτηρίδα
532 1929 573 1976 ex
595 1935 616 1974 r
637 1916 724 1976 ortus
746 1917 804 1992 est,
828 1911 874 1975 ita
895 1911 929 1975 in
950 1929 1030 1976 voce
1048 1905 1123 1988 υἱῦς
1138 1930 1207 1977 ext

84 2029 230 2092 consona,
254 2029 338 2097 quae
354 2011 438 2075 inter
452 2008 581 2074 vocales
596 2027 637 2074 ex
657 2007 723 2073 iota
738 2014 816 2073 nata
838 2015 908 2073 erat
929 2005 1030 2085 (v-lv-
1052 2008 1087 2073 fit
1109 2007 1207 2094 v-ljv,

84 2113 115 2171 ut
129 2092 300 2192 Εό-άλκῆς
322 2105 356 2171 fit
371 2100 564 2192 Εὖβ-άλκης
586 2103 715 2187 aliaque
737 2125 769 2189 p.
786 2109 849 2187 60),
873 2112 960 2172 ortus
983 2125 1053 2172 esse
1068 2104 1205 2172 videtur.

84 2203 155 2279 (cfr.
184 2203 410 2288 pamphylium
432 2202 625 2268 adiectivum
645 2198 896 2286 'Eoufsbldtjvg
918 2210 951 2270 et
973 2202 1116 2268 dativum
1140 2201 1208 2288 rja-

86 2313 180 2384 ροῑσι,
194 2301 237 2368 de
252 2301 367 2384 quibus
378 2299 621 2383 Siegismundus
634 2299 669 2365 in
681 2299 772 2365 Stud.
782 2300 832 2366 IX
844 2321 875 2386 p.
883 2304 923 2366 93
937 2307 969 2367 et
980 2303 1021 2364 94
1037 2301 1207 2385 exposuit.)

85 2397 294 2465 Neubauerus
309 2398 438 2487 quidem
460 2397 494 2463 in
517 2416 596 2463 voce
617 2393 691 2474 υἱῦς
714 2397 877 2480 digamma
898 2399 932 2465 iu
954 2399 1100 2483 spiritum
1122 2403 1208 2464 tran-

85 2496 171 2564 siisse
193 2502 313 2577 censet,
336 2502 370 2561 at
391 2495 452 2560 hoc
470 2493 557 2560 uude
572 2492 705 2575 venerit,
729 2515 793 2560 non
809 2497 921 2578 elucet,
944 2515 1044 2579 quare
1059 2515 1133 2562 mea
1155 2515 1209 2562 ex·
1266 2549 1269 2556 .

86 2594 212 2676 plicatio
235 2594 389 2658 maiorem
412 2591 511 2657 habet
532 2591 802 2674 probabilitatem.

542 2779 745 2790 -...--—--

85 2915 152 2981 VII.
186 2913 332 2980 Dativi
354 2914 536 2996 pluralis
558 2911 710 2977 tertiae
733 2911 1032 2980 declinationis
1054 2913 1094 2978 in
1117 2935 1207 2990 ·οις

542 3015 751 3074 exeuntes.

166 3146 279 3214 Dativi
293 3144 336 3229 hi,
353 3162 486 3228 quorum
501 3142 663 3226 permulta
677 3145 827 3227 exempla
841 3144 924 3210 infra
939 3146 1206 3229 enumerabimus,

85 3244 242 3327 quomodo
263 3243 330 3309 sint
351 3239 545 3326 explicandi,
568 3239 711 3305 nondum
733 3249 782 3308 est
804 3243 994 3325 expositum.
1036 3244 1122 3310 Sanc
1144 3263 1209 3310 me·

85 3343 233 3426 taplasmi
249 3341 282 3407 in
299 3340 381 3407 decl.
397 3341 430 3405 11
451 3356 553 3422 genus
576 3335 736 3418 quoddam
760 3360 832 3407 esse
853 3339 1093 3423 agnoscendum
1114 3361 1209 3407 unus·

86 3439 215 3523 quisque
230 3438 330 3503 videt.
367 3438 479 3521 Neque
495 3435 579 3500 euim
596 3435 754 3501 Abreusio
772 3438 922 3504 assentiri
944 3457 1114 3522 possumus
1136 3456 1207 3503 eam

86 3535 182 3602 dativi
205 3536 402 3618 singularem
425 3535 558 3600 formam
582 3533 845 3618 „septentrionali
869 3535 1023 3600 Graeciae
1045 3534 1207 3618 propriam

86 3639 115 3697 et
135 3632 355 3700 contractione
378 3630 516 3716 quadam
539 3649 557 3695 e
579 3630 724 3714 longiore
746 3627 914 3714 ἀγώνεσσι
937 3635 1067 3696 natam“
1090 3631 1209 3698 dicenti

86 3729 137 3813 (II,
160 3735 241 3812 231,
272 3729 300 3812 1,
322 3732 409 3806 236).
451 3728 495 3794 At
522 3727 599 3810 quid
621 3747 738 3795 causae
760 3727 871 3810 tuerit,
894 3748 950 3794 cur
971 3727 1099 3796 dativus
1121 3730 1209 3797 solus

87 3847 188 3910 neque
209 3827 294 3896 alius
316 3827 452 3910 pluralis
473 3845 566 3892 casus
587 3861 629 3871 -
652 3826 803 3909 exempla
822 3824 907 3890 intra
926 3825 1028 3891 allata
1048 3825 1083 3891 id
1105 3833 1210 3894 osten·

88 3923 222 3992 dent-
243 3924 492 4009 metaplasmum
513 3922 604 3988 illum
626 3929 798 4006 pateretur,
822 3941 863 3989 ex
884 3923 978 3988 tertia
993 3919 1209 3992 declinatione

86 4021 154 4104 ipsa
182 4042 278 4107 posse
309 4022 456 4104 intellegi
486 4026 574 4103 puto.
619 4019 886 4086 Proficiscendum
909 4025 958 4086 est
985 4039 1058 4086 mea
1080 4021 1208 4104 quidem
