2986 4864
247 423 290 476 De
309 420 419 478 ablativi
436 421 465 474 in
482 419 617 475 veteribus
636 420 733 488 linguis
751 420 850 476 italicis
868 420 955 475 forma
973 425 999 474 et
1010 437 1069 476 ¹usu
1085 421 1176 478 locali.
1212 421 1271 480 411

150 597 404 680 praepositiones
418 617 489 664 cum
512 598 639 664 casibus
655 583 848 662 coniunctae
858 595 891 660 in
907 615 998 660 usum
1014 603 1181 676 venerunt,
1204 597 1277 679 ipsa

151 713 281 760 casuum
310 701 426 760 natura
454 714 493 760 ea
520 713 555 761 re
584 692 819 777 quodammodo
847 693 1015 757 immutata
1044 699 1100 758 est.
1147 692 1276 758 Dudum

150 791 303 858 dicebant
317 793 454 858 Romani
472 795 504 855 ia
519 793 655 876 rapinae,
678 793 710 853 ia
725 793 817 864 mari,
841 810 924 872 quae
941 791 1063 856 formae
1077 793 1169 857 initio
1192 793 1276 859 loea-

149 889 208 954 tivi
223 889 361 972 inerunt,
378 889 497 956 deinde
512 897 675 973 tamquam
691 888 823 956 ablativi
839 887 1068 973 sentiebantur,
1085 891 1161 974 qnia
1175 891 1277 957 torma

150 986 285 1052 ablativi
307 988 341 1053 in
363 987 421 1052 illa
443 987 661 1054 declinatione
683 1009 703 1053 a
725 987 862 1052 locativo
877 985 944 1052 iere
960 986 1088 1054 diversa
1109 1009 1173 1054 non
1196 994 1276 1054 erat.

150 1084 201 1150 lta
222 1083 342 1149 tactum
365 1092 429 1166 est,
452 1092 487 1150 ut
509 1105 550 1151 ex
572 1086 684 1150 horum
708 1083 926 1167 exemplorum
949 1084 1101 1168 analogia
1124 1087 1221 1152 etiam
1243 1088 1276 1149 ia

149 1180 266 1265 oppido
296 1181 447 1250 dicerent.
492 1183 627 1248 Multum
652 1189 820 1265 praeterea
842 1181 944 1246 valuit
966 1182 1181 1248 elocutionum
1203 1203 1277 1248 oon-

149 1279 320 1344 trariarnm
336 1281 495 1363 analogia,
519 1281 564 1345 ita
586 1287 622 1345 nt
643 1299 715 1345 cnm
730 1279 851 1345 dudum
868 1300 887 1342 a
901 1284 1031 1362 rapinae
1053 1288 1085 1346 et
1102 1283 1134 1344 in
1148 1283 1277 1364 rapinae

151 1375 319 1457 dixissent,
336 1384 449 1460 postea
459 1377 501 1442 ad
514 1377 604 1460 illud,
622 1377 707 1460 quod
723 1384 773 1443 est
784 1398 828 1440 aa
840 1379 964 1462 oppido,
985 1379 1095 1451 ovillo,
1109 1379 1277 1446 accederet

151 1493 182 1535 aa
204 1475 336 1558 oppido,
359 1477 391 1537 ia
413 1475 497 1539 oilla
521 1511 562 1522 -
586 1475 676 1554 Quae
698 1477 858 1542 sententia
880 1476 1058 1543 luculenter
1074 1477 1277 1544 confirmatur

149 1572 281 1655 linguae
295 1572 465 1638 arcadioae
485 1579 581 1655 atque
604 1573 734 1658 cypriae
755 1593 829 1654 usu,
852 1574 907 1638 ubi
929 1575 1184 1657 praepositiones
1205 1570 1276 1638 ἅπύ

149 1677 181 1735 et
204 1668 240 1746 ἐς
264 1668 323 1750 (ἒξ)
347 1689 387 1736 ex
410 1671 561 1752 analogia
583 1670 830 1754 praepositionis
846 1667 877 1733 ἰν
893 1668 954 1744 (ἐν)
976 1690 1048 1735 oum
1073 1671 1182 1736 dativo
1204 1691 1277 1736 oon-

148 1767 340 1849 iunguntur:
370 1761 439 1831 ἇπὺ
462 1773 504 1852 τᾷ
526 1761 567 1832 ἂν
589 1803 631 1814 -
653 1772 788 1853 paam
811 1766 934 1851 (Gener,
959 1767 1022 1833 del.
1043 1773 1111 1850 117,
1135 1773 1181 1852 5),
1206 1765 1275 1833 ἀπὺ

148 1872 191 1951 τᾷ
215 1864 256 1950 ζᾷ
285 1867 375 1945 (118,
400 1867 446 1944 8),
477 1862 513 1940 ἐς
538 1875 594 1929 vol
615 1863 709 1948 ἔργοι
738 1868 822 1946 1117,
847 1870 909 1942 52).
945 1900 985 1911 —
1019 1863 1148 1954 scarp
1171 1870 1276 1950 salop

149 1963 227 2038 (del.
253 1966 323 2044 118,
348 1965 390 2038 5).

235 2059 302 2126 Sed
317 2059 374 2124 illo
396 2066 548 2142 tempore,
573 2080 634 2142 quo
656 2060 690 2124 in
713 2060 824 2143 lingua
844 2060 947 2124 latina
963 2060 1124 2127 ablativus
1146 2061 1285 2127 locativi

149 2157 216 2223 vim
238 2157 389 2238 habebat,
413 2156 478 2222 sid
498 2157 632 2222 ablativi
655 2157 804 2223 exstabat
825 2191 867 2202 —-
889 2156 922 2221 id
946 2157 1032 2240 qnod
1055 2151 1188 2223 dubium
1210 2179 1275 2224 non

149 2262 256 2321 est-
271 2255 369 2319 etiam
390 2254 551 2320 ablativus
573 2253 686 2320 suffixo
703 2253 901 2336 dpraeditus
922 2257 984 2320 hac
1005 2257 1036 2320 vi
1059 2256 1134 2339 poni
1158 2257 1277 2340 potuit3

148 2373 191 2418 an
220 2352 348 2434 putabis
377 2372 473 2417 unum
501 2371 658 2435 quemque
687 2353 848 2417 hominem
878 2354 1012 2418 latinum
1045 2354 1276 2436 considerasse,

148 2456 256 2514 utrum
285 2448 461 2514 ablativum
495 2450 624 2514 locativi
661 2467 757 2514 sensu
792 2455 963 2532 usurparet
997 2451 1124 2516 necne?
1174 2452 1277 2518 Immo
1384 2523 1389 2532 ,

149 2566 191 2613 ex
214 2546 366 2628 analogia
387 2547 600 2612 ablativorum
622 2547 654 2608 ia
676 2547 766 2618 mart,
790 2548 823 2609 ia
845 2548 973 2629 rapinae
996 2547 1091 2613 etiam
1116 2549 1147 2609 in
1170 2548 1277 2633 equol-

149 2645 207 2708 tod
226 2643 434 2726 formabatur,
461 2652 493 2710 et
516 2643 633 2709 deinde
656 2645 687 2704 in
709 2644 828 2725 morz'd3
859 2643 946 2708 haud
969 2643 1066 2709 dubie
1088 2646 1202 2710 tertiae
1225 2645 1278 2712 de·

148 2741 334 2807 clinationis
356 2741 539 2807 nominibus
561 2741 660 2806 multo
683 2741 787 2805 rarius
804 2741 885 2805 illud
900 2740 922 2802 d
936 2741 1083 2807 suffixum
1106 2743 1277 2826 iuvenitur,

148 2839 236 2922 quod
265 2840 354 2922 prins
382 2839 534 2904 amissum
564 2858 635 2904 esse
663 2837 790 2904 videtur
814 2858 909 2920 quarn
932 2846 1108 2904 ceterarum
1138 2838 1279 2908 declina·

149 2936 284 3002 tionum.
307 2971 349 2982 —
372 2936 493 3002 Idcirco
513 2936 707 3001 Ritsohelius
730 2942 815 3001 certe
837 2936 1004 3016 ingeniose
1026 2935 1112 3001 istud
1128 2936 1151 2998 d
1163 2938 1278 3004 Plauto

149 3036 259 3100 hiatus
281 3034 415 3100 tollendi
431 3053 528 3099 cansa
542 3032 661 3113 tribuit,
685 3033 803 3115 quippe
826 3051 908 3116 quae
923 3033 1029 3099 littera
1043 3035 1150 3100 Plauti
1172 3042 1279 3103 aetate

149 3133 184 3197 in
207 3131 424 3198 monumentis
446 3131 644 3198 scriberetur.
667 3165 709 3175 -
735 3131 834 3196 Aliud
857 3132 1039 3215 exemplum
1062 3134 1224 3199 invenitur
1244 3134 1279 3199 in

150 3232 278 3313 ephem.
303 3249 352 3312 ep.
378 3232 459 3295 1874
482 3250 513 3312 p.
537 3231 614 3292 205:
639 3228 670 3288 in
692 3226 769 3290 ltoee
791 3227 943 3292 loucurid.

496 3402 633 3460 Ablatlvl
654 3418 727 3458 usus
748 3404 941 3472 temporalis.-

237 3519 277 3582 In
310 3517 421 3599 lingua
453 3516 564 3582 italica
591 3515 638 3582 sic
666 3523 700 3580 ut
727 3515 761 3579 in
791 3515 1053 3597 indogermauica
1080 3537 1146 3582 nou
1175 3519 1279 3584 locum

150 3621 277 3680 tantum
307 3613 366 3680 sed
394 3615 490 3681 etiam
519 3613 674 3697 temporis
696 3614 851 3696 spatium,
882 3632 944 3694 quo
968 3612 1044 3695 qnid
1072 3614 1190 3679 tactum
1219 3620 1279 3698 est,

151 3732 230 3778 casn
267 3711 405 3778 locativo
435 3710 646 3794 significatum
680 3731 751 3778 esse
784 3710 894 3792 negari
926 3731 991 3775 non
1027 3718 1148 3794 potest,
1182 3717 1280 3793 atque
1341 3717 1344 3723 “

152 3809 248 3876 huius
269 3829 380 3891 casus,
410 3809 464 3892 qui
485 3830 561 3875 mox
582 3829 653 3874 cnm
675 3808 819 3874 ablativo
841 3806 1002 3888 confluxit,
1031 3808 1153 3874 multae
1174 3807 1281 3875 adhuc

152 3906 309 3989 reliquiae
324 3913 504 3989 supersunt,
527 3927 607 3989 quas
622 3925 811 3972 enumerare
832 3907 963 3987 longum
979 3912 1037 3972 est.
1074 3905 1188 3988 Itaque
1202 3927 1280 3973 non·

152 4007 245 4070 nulla
259 4010 384 4070 tantum
398 4004 558 4086 exempla,
575 4009 609 4068 ut
623 4003 707 4069 hanc
722 4022 790 4068 rem
801 4002 1053 4085 comprobemus,
1072 4004 1280 4086 proteramus.
