2986 4864
223 398 264 452 De
282 395 392 450 ablativi
410 395 437 448 11
455 394 589 450 veteribus
608 395 705 464 linguis
724 395 823 450 italicis
842 395 928 451 torma
946 403 973 450 et
991 412 1043 452 usu
1061 397 1149 455 locali.
1186 396 1247 457 393
1343 380 1347 388 ¹

124 572 250 638 fabulas
282 569 555 654 perscrutantibus
588 568 682 636 nobis
715 568 844 635 dubium
878 577 942 652 est,
977 591 1053 636 num
1083 573 1248 657 Tychonis

124 668 315 736 Mommseui
344 668 542 749 (Programm
571 665 602 732 d.
625 667 780 751 Gymnas.
810 689 836 732 1.
859 668 1035 734 Frankiurt
1056 671 1129 741 alM.
1156 674 1247 752 1874,

127 769 220 842 1876)
244 764 406 832 sententia
427 765 526 848 plane
548 764 717 847 probanda
731 765 773 831 sit
788 765 922 830 dicentis
937 766 969 831 in
992 787 1089 850 prosa
1104 769 1248 835 oratione

123 865 233 948 plures
247 861 500 947 praepositiones
516 881 610 943 quam
626 862 659 927 in
677 862 767 945 poesi
782 862 945 930 adhibitas
960 883 1040 930 esse.
1078 862 1156 930 Oum
1172 885 1248 932 vero

123 963 155 1026 in
171 968 327 1027 terrarum
343 967 438 1042 atque
453 960 578 1026 urbium
593 959 776 1026 nominibus
792 960 990 1043 potissimum
1006 981 1082 1030 usus
1097 963 1249 1046 antiquis-

123 1060 222 1126 simus
245 1063 463 1141 cognoscatur,
492 1058 572 1123 haee
593 1057 693 1124 verba
714 1077 855 1124 seorsum
878 1058 910 1123 in
934 1060 1249 1128 11111111111111111.

210 1157 296 1224 Oasu
318 1153 471 1234 ablativo,
493 1154 528 1219 id
549 1154 635 1237 quod
657 1155 721 1222 iam
737 1163 862 1223 veteres
877 1156 1028 1222 Indorum
1049 1159 1248 1240 grammatici

123 1255 361 1334 intellexerunt,
385 1271 424 1317 ea
445 1272 496 1318 res
519 1253 656 1334 effertur,
679 1273 778 1336 aqua
794 1253 870 1335 quid
885 1261 1068 1338 separatur,
1091 1256 1125 1322 in
1148 1257 1250 1322 latina

125 1361 237 1420 contra
264 1353 376 1433 lingua
398 1350 450 1416 hic
472 1371 565 1417 casus
594 1359 720 1436 praeter
748 1352 910 1436 propriam
936 1353 1026 1418 illam
1049 1353 1113 1418 vim
1136 1355 1249 1419 instru-

124 1451 276 1518 mentalis
305 1468 430 1532 quoque
462 1456 495 1514 et
523 1450 652 1516 locativi
685 1457 794 1533 partes
823 1449 857 1514 in
887 1469 922 1516 se
955 1451 1108 1535 suscepit,
1143 1453 1251 1533 itaque

124 1549 242 1616 factum
265 1553 328 1628 est,
355 1555 389 1611 ut
411 1546 505 1612 bomo
527 1547 646 1612 latinus
668 1547 811 1612 ablativo
833 1567 909 1614 casu
932 1549 975 1614 ad
998 1567 1054 1614 eas
1074 1549 1251 1630 interroga-

124 1647 229 1712 tiones
251 1644 448 1728 respondere
473 1652 592 1726 posset,
615 1663 698 1726 quae
720 1646 848 1710 suntin
871 1651 981 1711 111111
1003 1646 1112 1728 lingua
1135 1645 1250 1718 weber,

126 1763 182 1819 wo,
207 1743 321 1813 womit,
341 1741 505 1815 wodmcb3
529 1759 604 1807 nam
620 1760 691 1807 earn
707 1741 781 1821 vim,
804 1761 887 1824 quae
903 1743 998 1808 estin
1014 1750 1123 1808 nostro
1140 1742 1249 1814 woltra,

126 1862 221 1926 quam
245 1840 461 1906 Buechelerus
484 1839 551 1918 (Gr.
567 1859 640 1922 pag.
658 1842 711 1915 16)
734 1838 807 1904 huic
829 1839 916 1918 casui
939 1840 1064 1922 tribuit,
1088 1840 1118 1906 ei
1140 1859 1251 1906 conce·
1315 1891 1322 1915 2

33 2019 35 2023 Ι
126 1938 267 2005 dendam
291 1957 355 2004 non
378 1957 449 2004 esse
471 1937 554 2002 infra
577 1936 798 2002 demonstrare
820 1937 1014 2003 conabimur.

213 2034 461 2101 Considerantes
489 2035 594 2117 igitur,
629 2033 787 2116 quomodo
820 2033 873 2099 hic
901 2054 992 2100 casus
1024 2034 1066 2099 ad
1100 2035 1252 2099 terminos

125 2134 246 2200 locales
269 2131 496 2214 significandos
519 2139 687 2216 usurpatus
710 2131 768 2212 sit,
791 2131 874 2213 viae,
898 2151 993 2215 quarn
1016 2131 1251 2197 Delbrueclrius

126 2231 248 2316 primus
269 2229 432 2312 ingressus
448 2236 505 2311 est,
529 2250 587 2295 nos
603 2229 844 2295 committemus.
876 2228 936 2308 Qui
955 2249 1047 2295 casus
1063 2248 1143 2310 cum,
1167 2227 1252 2310 quod

125 2329 191 2395 iam
207 2347 306 2413 supra
323 2325 494 2412 tetigimus,
517 2327 682 2394 nonnullis
697 2327 769 2394 aliis
791 2347 851 2410 par
866 2327 963 2411 fieret,
987 2327 1104 2410 evenit,
1127 2331 1162 2391 ut
1184 2345 1253 2409 per·

127 2427 306 2511 spicuitatis
336 2445 433 2491 causa
457 2444 556 2508 saepe
584 2445 655 2490 eum
684 2424 974 2507 praepositionibus
997 2425 1252 2508 coniungeretur,

128 2545 169 2591 ex
191 2524 306 2607 quibus
328 2542 392 2588 non
416 2543 487 2587 raro
510 2523 715 2605 intellegitur,
739 2528 844 2586 utrum
866 2542 941 2587 usus
965 2521 1093 2604 quidam
1116 2521 1252 2586 ablativi

127 2623 276 2706 proprius
298 2641 340 2685 an
356 2621 608 2686 instrumentalis
623 2641 664 2685 an
687 2619 844 2684 locativus
866 2619 1013 2702 primitus
1027 2619 1130 2700 inerit,
1154 2637 1253 2701 quare

127 2721 160 2785 in
184 2718 331 2800 sequenti
354 2719 541 2800 quaestione
572 2736 681 2782 casum
709 2715 829 2802 nudum
852 2737 873 2781 a
894 2735 969 2782 casu
992 2734 1062 2781 eum
1091 2715 1253 2800 praeposi-

128 2817 218 2882 tione
240 2815 408 2880 coniuneto
431 2820 614 2897 separatum
637 2813 854 2898 tractabimus.

215 2914 321 2978 Primo
345 2912 473 2994 quidem
503 2913 573 2978 loeo
597 2911 637 2977 de
666 2911 855 2994 primigenio
881 2910 975 2978 huius
997 2930 1090 2978 casus
1112 2931 1170 2977 nsu
1194 2911 1255 2976 dis·

128 3031 283 3080 seramus.
1043 3021 1046 3028 ’

484 3162 630 3224 Ablativi
652 3181 727 3225 usus
749 3163 906 3242 proprius.

217 3300 241 3364 l.
287 3298 457 3364 Ablativus
480 3317 550 3362 oum
573 3298 680 3364 verbis
703 3297 863 3376 movendi,
888 3297 994 3376 eundi,
1018 3296 1162 3378 pellendi
1185 3315 1256 3361 con·

130 3400 267 3463 iunctus.

222 3500 249 3572 1)
222 3492 390 3559 1Verba
412 3492 578 3575 simplicia.

219 3596 249 3666 a)
270 3589 344 3654 ·Hic
372 3588 545 3700 praecipue
574 3588 665 3651 domo
694 3593 727 3652 et
753 3607 831 3650 rure
859 3541 1145 3650 commemorantia
1166 3592 1255 3667 1111,

131 3711 196 3774 qna
234 3688 355 3754 ductus
384 3693 434 3752 rat
435 3686 509 3751 1ο11
545 3685 731 3752 Lorentaius
769 3683 813 3753 (in
851 3683 902 3750 ed.
939 3681 1155 3747 Mostellariae
1191 3681 1256 3746 lab.

130 3806 206 3872 pag.
231 3788 308 3863 262)
335 3784 456 3850 iormae
484 3785 558 3847 ruri
582 3804 656 3849 num
686 3780 799 3850 eadem
822 3781 871 3847 vis
894 3799 965 3846 esse
993 3778 1094 3862 possit
1124 3779 1213 3843 dubit
1201 3785 1256 3861 t,et

132 3885 257 3966 neseio,
294 3901 355 3948 nos
388 3881 516 3965 quidem
547 3902 610 3947 non
641 3881 754 3947 falsam
786 3898 856 3945 esse
892 3899 935 3961 pu
936 3885 1040 3944 tamus
1069 3867 1257 3942 Buecheleri

132 3981 343 4063 sententiam,
378 3981 432 4064 qui
459 3981 533 4042 ruri
557 3979 693 4046 ablativi
726 3977 886 4061 propriam
920 3976 1053 4041 formam
1087 3992 1158 4039 esse
1185 3989 1258 4040 con·
