2968 4866
205 425 267 487 326
519 479 522 486 ,
610 453 613 460 ⁴
701 423 837 480 Schrader

205 598 468 684 septentrionalis
497 595 692 666 Germaniae
718 615 867 664 sermone
898 615 972 662 oum
1004 599 1114 661 nostro
1147 598 1328 677 comparato

68 769 81 792 ‚
204 697 429 781 perspicimus;
465 702 576 764 notum
608 713 685 761 vero
717 700 783 776 est,
817 699 971 777 quantum
1003 692 1061 759 ille
1081 673 1261 758 vocabulis
1291 709 1352 812 ex,

204 800 316 860 nostra
337 793 476 859 dialecto
498 792 643 877 repetitis
665 790 832 858 abundet.-

292 891 406 974 Neque
427 898 535 957 tamen
557 888 775 957 inconstantia
794 889 853 956 illa
867 888 1030 957 vocalis·
1012 910 1057 954 a:
1073 911 1092 974 η
1116 887 1149 952 in
1172 885 1332 951 radicibus

204 994 378 1073 conspecta
399 1007 438 1054 eo
461 988 613 1068 ducimur,
636 992 671 1051 ut
693 1006 777 1069 qnae
798 987 904 1070 priore
925 986 1066 1054 maxime
1079 985 1187 1072 capite
1209 983 1272 1052 nisi
1294 982 1333 1048 dc

133 1115 144 1134 ·
204 1086 302 1152 totius
330 1086 516 1154 mutationis
545 1093 577 1152 et
605 1085 711 1152 causis
733 1091 766 1150 et
794 1084 919 1168 origine
940 1103 1045 1168 neque
1073 1083 1180 1148 minus
1202 1081 1245 1149 de
1267 1081 1332 1146 dia·

204 1183 359 1249 lectorum
381 1184 443 1249 hac
464 1184 498 1248 in
519 1203 555 1249 re
575 1184 658 1250 inter
674 1202 716 1254 ,se
731 1181 920 1249 condicione
934 1180 1150 1266 exposuimus,
1173 1186 1230 1246 ant
1253 1179 1334 1246 ialsa

205 1288 261 1345 aut
295 1280 394 1345 dubia
426 1281 520 1346 nobis
552 1279 732 1346 videantur,
783 1279 908 1346 Licebit
938 1280 1036 1363 igitur
1067 1279 1101 1344 in
1133 1276 1197 1344 line
1231 1277 1333 1344 libelli

206 1395 363 1448 summam
385 1385 515 1443 nostrae
537 1377 763 1462 disputationis
785 1377 836 1442 his
859 1377 965 1443 verbis
987 1383 1186 1460 computare:
1219 1453 1222 1458 Ι

291 1492 318 1556 Ι.
366 1495 393 1567 1)
419 1489 590 1555 ¹Vocali'o'r
619 1498 675 1556 aut
703 1495 831 1556 servata
860 1496 916 1556 aut
943 1491 976 1555 in
1006 1517 1025 1578 η
1053 1499 1176 1557 mutata
1204 1490 1334 1558 dialecti

205 1607 342 1672 graecae
358 1588 439 1654 duas
453 1588 488 1654 in
509 1596 616 1672 partes
635 1589 831 1669 dividuntur,
854 1607 987 1670 quarum
1005 1589 1109 1654 altera
1130 1589 1259 1672 aptiore
1281 1611 1334 1655 no·

206 1686 292 1752 mine
314 1685 482 1752 deficiente
504 1686 730 1766 aeolo-dorica,
754 1687 857 1752 altera
879 1687 1065 1752 lonc-attica
1088 1687 1212 1752 dicitur.

257 1815 262 1824 ·
291 1788 324 1862 2)
347 1785 476 1868 Duplex
491 1783 548 1849 illa
562 1803 699 1866 graecae
713 1784 843 1866 linguae
859 1783 975 1848 divisio
990 1804 1055 1848 non
1067 1784 1111 1849 ad
1125 1784 1155 1850 J.
1165 1783 1333 1850 Schmidtii

205 1869 399 1962 sententiam
421 1881 572 1946 continua
594 1882 704 1964 aliqua
725 1882 847 1946 vocalis
870 1882 1085 1963 &affectione
1111 1882 1169 1949 sed
1190 1883 1333 1965 gentium

207 1977 408 2059 digressione
435 1978 548 2061 priscis
577 1979 773 2061 temporibus
802 1977 888 2043 lacta
910 1986 979 2044 orta
1001 1999 1073 2045 esse
1094 1977 1254 2045 sumenda
1277 1985 1334 2044 est.

292 2079 322 2151 3)
345 2076 419 2139 Non
441 2075 517 2141 licet
539 2095 595 2141 eas
619 2075 783 2156 dialectos,
807 2095 890 2159 quae
906 2080 927 2139 ᾶ
941 2077 974 2140 in
989 2077 1174 2142 universum
1191 2082 1334 2157 servant,

206 2171 253 2237 ita
274 2172 455 2255 disponere,
479 2173 567 2236 utin
591 2171 671 2238 duas
693 2179 801 2257 partes
816 2172 989 2256 quondam,
1011 2173 1046 2238 in
1066 2174 1224 2239 aeolicam
1249 2181 1281 2240 et
1301 2173 1333 2238 in

207 2267 358 2358 doricam,
389 2267 573 2335 discessisse
597 2268 752 2336 dicantur.
798 2271 1044 2337 Demonstrasse
1067 2270 1152 2336 enim
1175 2271 1269 2337 nobis
1291 2271 1333 2335 vi·

206 2359 318 2430 demur
342 2365 439 2431 Eleos
460 2357 675 2449 Aroadesque,
698 2367 843 2449 quamvis
862 2375 884 2430 ᾶ
904 2388 963 2450 pro
982 2391 1001 2454 η
1018 2367 1203 2452 exhibeant,
1226 2374 1332 2434 tamen

206 2480 312 2544 neque
333 2461 476 2528 aeolicae
497 2483 602 2546 neque
624 2463 757 2529 doricae*
775 2465 883 2548 stirpis
906 2483 987 2530 esse.

290 2577 334 2641 ΙΙ.
373 2577 500 2643 Vooalis
516 2603 546 2663 η,
569 2598 652 2660 quae
674 2598 715 2643 ne
737 2577 779 2642 ab
797 2578 1020 2644 aeolo-doricis
1035 2577 1165 2660 quidem
1187 2578 1332 2646 dialectis

206 2675 336 2738 omnino
365 2673 474 2739 aliena
502 2682 574 2753 est,
595 2676 693 2762 variis
722 2675 918 2758 temporibus
947 2677 981 2741 in
1009 2675 1074 2741 illis
1102 2676 1266 2759 variisque
1295 2675 1333 2742 de

207 2771 311 2839 causis
333 2778 403 2836 orta
425 2780 483 2837 est.

540 2994 577 3051 Δ.
607 2996 669 3052 ,110
692 2983 791 3053 causis
812 2979 1003 3056 mutationis.

293 3122 400 3187 Prisca
428 3122 524 3205 igitur
552 3125 673 3190 vocalis
695 3131 716 3188 ᾶ
741 3127 774 3189 111
803 3125 950 3212 dialectis
979 3127 1206 3195 aeolo-doricis
1235 3129 1334 3194 tribus

208 3218 249 3284 de
272 3218 375 3285 causis
396 3219 430 3284 in
453 3245 472 3307 η
497 3228 619 3287 mutata
642 3231 704 3288 est:
779 3246 781 3250 ’

296 3320 325 3393 1)
351 3317 463 3400 Longe
483 3318 671 3401 plerumque
686 3319 792 3385 studio
807 3320 865 3384 illo
887 3339 1023 3402 graecae
1044 3322 1174 3405 linguae
1190 3324 1334 3390 eiusdem

207 3415 335 3496 generis
366 3414 485 3480 formas
513 3417 727 3482 concinnitate
755 3416 912 3500 quadarn
925 3419 1084 3485 vocalium
1117 3420 1334 3504 coniungendi

207 3512 246 3576 01.
270 3510 394 3597 πατήρ,
418 3509 556 3597 ποιμήν,
580 3499 674 3597 ἦσαν,
697 3513 836 3600 λέγηται
858 3522 918 3582 010.

293 3612 325 3685 1)
357 3608 395 3673 111
424 3608 587 3674 radicibus
621 3610 781 3676 interdum
811 3611 953 3678 vocalis
961 3637 974 3676 ι
1003 3613 1034 3677 vi
1063 3620 1095 3679 et
1123 3614 1268 3698 pondere
1295 3615 1332 3681 01.

208 3702 373 3790 &locst
350 3730 451 3791 ηρως,
479 3701 557 3792 ripat-
579 3714 639 3772 eto.

294 3805 325 3878 3)
348 3803 490 3872 Atthidis
512 3787 710 3870 auctoritate

348 3903 380 3976 a)
416 3925 435 3986 η
459 3901 493 3964 111
515 3900 655 3983 ipsarum
687 3901 896 3970 dialectornm
919 3919 1098 3970 sermonem
1121 3871 1258 3989 irrepsit.
1295 3906 1333 3972 01.

210 3988 383 4084 dissuenda,
406 3994 641 4084 ἑβδομήκοντα
663 4004 723 4064 010.
