2916 4872
385 455 392 486 ’
496 479 617 535 Schedae
633 479 831 548 grammaticae.
1167 481 1224 542 111

106 651 300 719 Schmidtius
322 653 355 718 in
378 650 520 719 editione
541 652 664 720 minore
685 652 805 718 habeat
827 659 1023 738 suspectam,
1053 673 1117 718 non
1139 653 1232 720 intel-

104 750 227 834 legitur.

186 847 374 932 Compluris
395 847 547 932 exempla
569 853 743 941 suppetunt
765 848 803 914 in
827 848 1009 915 dialecto

185 947 230 1012 II.
275 945 454 1030 cyprico:

187 1048 221 1121 7)
257 1040 457 1125 κσ·βλκ’ς·
481 1040 651 1125 μάνδαλσς
672 1045 739 1108 τῶν
761 1048 894 1128 θυρῶν·
916 1043 1063 1130 Πάφισι,
1086 1065 1144 1130 pro
1167 1064 1231 1128 qua

102 1163 177 1208 voce
201 1142 299 1226 vulgo
322 1139 467 1227 ἐπιβλής
489 1148 668 1226 usurpatur.
699 1143 878 1228 Hesychius
892 1144 963 1228 ipse
985 1143 1080 1210 etium
1104 1143 1228 1226 plenio-

101 1261 163 1306 rem
186 1241 324 1306 sormam
348 1237 550 1326 κατα-βλής·
573 1237 744 1321 pociolos
766 1242 906 1308 exhibet.
940 1241 1083 1308 Similem
1106 1241 1139 1307 in
1161 1260 1229 1306 mo·

98 1339 173 1404 dum
200 1340 366 1404 formatum
391 1345 440 1405 cst
461 1336 641 1425 προ-βλής,
665 1339 749 1422 quod
771 1340 847 1406 litus
869 1339 1036 1423 significat.

184 1441 219 1514 8)
257 1448 524 1503 κα-κκεῖκαι·
554 1435 766 1518 κατακίψαι·
797 1435 932 1524 Πάφισι
954 1458 1012 1522 pro
1036 1446 1225 1508 κστ-κτεῖναι

100 1535 232 1619 accipio.
277 1533 494 1602 Consonarum
525 1535 781 1616 coniunctiones,
813 1537 956 1618 quaein
985 1536 1059 1602 aliis
1081 1534 1227 1602 dialectis

18 1633 25 1648 ‘
99 1653 160 1698 non
179 1639 355 1718 mutantur,
379 1633 508 1718 saepius
523 1654 543 1699 a
558 1633 748 1715 Laconibus,
773 1633 988 1714 Cretensibus,
1008 1633 1134 1718 Cypriis
1148 1633 1227 1698 assi·

99 1732 229 1797 milatus
248 1751 320 1799 esse
342 1730 499 1814 exemplis
521 1730 672 1797 affirmari
695 1737 802 1816 potest
823 1731 1000 1815 permultis.
1034 1730 1151 1796 Confer
1166 1727 1227 1794 κά-

99 1831 223 1910 ρραξον
245 1849 302 1912 pro
326 1827 509 1912 κά-κραξον
533 1827 589 1912 (de
612 1850 674 1912 quo
696 1829 779 1894 infra
804 1828 883 1913 15)),
914 1849 1047 1913 quocum
1071 1839 1225 1894 αικαῑσι·

98 1937 239 2008 πικραῖς
273 1927 444 2010 conspirat.
489 1926 641 1992 Eiusdem
673 1946 884 1993 consonarum
918 1927 1150 1992 coniunctionis
1178 1945 1226 1992 re·

97 2025 273 2104 pessivnm
297 2024 537 2090 assimilationis
558 2044 661 2107 genus
683 2025 837 2090 amabant
858 2023 1044 2107 Cretenses,
1066 2024 1156 2090 cuius
1177 2025 1224 2090 rei

97 2122 249 2206 exempla
275 2143 307 2205 p.
332 2125 368 2186 81
400 2122 575 2188 attulimus.
620 2123 688 2188 Hoc
715 2121 786 2188 loco
816 2122 856 2187 de
884 2122 1049 2188 nonnullis
1076 2123 1149 2188 aliis
1177 2122 1224 2187 ita

97 2219 175 2286 fiolis
209 2220 319 2286 formis
348 2239 557 2304 exponamus.
609 2220 789 2305 Hesychius
827 2221 975 2304 praebet:
1013 2218 1223 2303 βο-ρράζωκ·

96 2324 228 2401 ψοφῶν
257 2338 314 2402 pro
337 2315 542 2401 βα-βράζωκ,
575 2338 638 2400 qua
664 2319 697 2383 iu
728 2337 808 2384 voce
830 2343 870 2402 ρρ
894 2317 1015 2387 voculis
1036 2319 1224 2386 mutationis

95 2414 153 2480 tuit
176 2435 287 2496 causa,
311 2411 463 2480 ἅ-ττασι·
487 2412 675 2502 duo-uculo
689 2415 865 2498 Λάκωνες,
889 2436 952 2499 qua
974 2416 1084 2499 glossa
1106 2416 1224 2483 collatu

95 2512 248 2588 Eleorum
270 2511 397 2578 ἰ’ττεσν·
421 2509 520 2578 οὐσία
542 2534 601 2598 pro
621 2511 660 2577 τὸ
685 2511 797 2581 ἰστέον
819 2516 839 2579 i.
857 2534 884 2581 e.
906 2513 1023 2580 ἐστέσν
1045 2513 1112 2592 (cfr.
1132 2512 1222 2591 ἴσθι,

96 2607 188 2675 ἱστία
212 2631 252 2676 ex
275 2609 383 2686 ἑστία)
413 2630 483 2677 esse
506 2610 678 2678 verisimile
699 2611 743 2676 fit.
793 2611 863 2676 Huc
890 2611 1048 2678 accedunt
1069 2611 1223 2695 Hesychii

94 2706 250 2788 ἕστασαν,
279 2706 373 2774 ἑστία
401 2729 460 2793 pro
489 2707 636 2776 ἕστασαν
665 2717 697 2774 et
725 2707 821 2774 ἑστία
848 2709 915 2775 alia
941 2709 1108 2788 (Bucolica
1129 2708 1221 2774 Stud.

94 2805 151 2888 IX,
177 2809 236 2889 673
268 2803 398 2892 Ἀττική
429 2827 485 2890 pro
506 2802 645 2893 Ἀστική
676 2805 761 2872 Gurt.
784 2808 908 2890 Etyma
930 2828 961 2892 p.
986 2809 1070 2883 657).
1115 2805 1223 2872 Auda-

93 2904 211 2970 oiorem
235 2922 329 2986 quarn
352 2924 434 2986 quae
462 2913 571 2988 posset
598 2905 726 2988 probari
756 2930 794 2988 ρκ
823 2925 1034 2971 consonarum
1062 2902 1221 2975 assimila.-

92 3001 212 3066 tioncm
241 3001 275 3067 iu
298 3026 335 3067 κν
358 3021 429 3068 esso
457 3008 651 3086 putaverunt
672 3003 733 3067 viri
757 3001 856 3068 docti:
893 3009 928 3068 at
948 3003 1089 3086 glossam
1112 3002 1222 3070 multis

92 3106 275 3184 suspectam
291 3098 446 3181 βάκνεια·
470 3098 511 3164 τὰ
526 3095 645 3184 ἄρνεια
667 3107 752 3167 recto
775 3101 924 3166 traditam
941 3108 1028 3166 etex
1050 3097 1220 3183 *βάρνεια

93 3197 160 3274 (cfr.
185 3193 323 3281 βάρισν·
347 3193 520 3279 πρόβατον
543 3205 576 3264 et
596 3196 732 3280 βάριχοι
746 3194 859 3281 ἄρνες)
881 3207 982 3265 ortam
998 3218 1069 3265 esse
1084 3204 1117 3264 et
1131 3197 1220 3264 aliud

92 3294 249 3360 eiusmodi
279 3295 462 3377 exemplum
491 3316 555 3360 nou
584 3296 715 3361 dubium
738 3295 894 3379 Μαμμώ·
921 3293 938 3360 ὃ
962 3291 1061 3381 ἡμεῖς
1083 3293 1219 3379 Μορμώ

93 3413 207 3477 φαμεν
229 3395 295 3476 (ap.
319 3392 528 3476 Hesychium)
549 3399 582 3460 et
603 3395 801 3474 Tuaconum,
832 3416 965 3478 quorum
987 3395 1099 3478 lingua
1121 3394 1217 3459 ctiam

90 3509 178 3554 nunc
191 3489 358 3572 antiquum
374 3491 539 3556 laconicae
550 3490 679 3558 dialecti
695 3500 811 3558 statum
827 3494 1015 3573 asservavit,
1035 3511 1099 3556 vox
1115 3489 1217 3573 βάσκε

89 3587 204 3663 „ovis“
225 3587 424 3654 confirmant.
734 3667 738 3676 ,

179 3688 209 3763 9)
247 3681 526 3770 κα-κσρμίᾶς·
554 3683 754 3770 κατακόψας
777 3686 870 3772 παρὰ
892 3684 1021 3772 Εὔκλῳ,
1051 3685 1136 3768 quod
1158 3709 1217 3771 pro

90 3780 212 3848 codicis
232 3784 389 3867 scriptura
411 3783 576 3867 κα-κόρας
599 3785 794 3852 Schmidtius
816 3793 917 3867 recte,
947 3791 982 3849 ut
1003 3783 1139 3867 videtur,
1169 3805 1216 3852 re·

89 3878 201 3944 stituit.
246 3880 401 3946 Usitatior
424 3889 473 3948 est
493 3882 596 3948 forma
618 3881 828 3966 κακαρμάζω.

181 3982 229 4056 10)
253 3977 375 4043 aci-tc
382 3996 468 4060 χες·
485 3985 676 4046 κατέκεισο·
688 3979 834 4065 Πάφιοι.
858 3978 1006 4064 Sieood.;
1018 3979 1213 4082 Meiuekjum

89 4073 257 4154 κα-λέχεσ,
280 4075 454 4159 Bergkium
476 4077 636 4159 καλέχεσσ
660 4077 834 4144 correxisse
856 4077 991 4144 adnotat
1010 4078 1214 4144 Sohmidtlus.
