2968 4866
234 421 300 487 ’336
752 426 845 519 Soleus
884 437 886 440 ·

237 621 360 670 mnsam
382 621 483 686 prope
505 600 643 684 accedit,
673 606 707 666 ut
734 598 875 666 madium
901 598 985 668 inter
1007 604 1159 682 utrosque
1179 599 1286 665 locum
1308 600 1359 667 ob·

236 699 347 788 tinoat.
392 697 485 778 Quod
508 718 578 764 eum
601 698 714 782 negari
735 703 889 780 nequeat,
920 703 1030 762 tamen
1057 716 1124 762 non
1153 696 1266 780 video,
1299 718 1358 781 qno

232 796 307 880 jure
333 796 405 880 ipse
431 803 527 880 poeta
549 817 570 862 a
591 796 749 862 Teuffelio
780 792 1032 880 (Encyoloptdie
1054 793 1097 871 1²)
1120 793 1278 862 Aeolibus
1306 795 1357 862 ad-

233 893 406 977 judicetur.
451 894 534 960 Nam
563 912 757 977 quamquam
786 891 943 973 concedo,
971 891 1156 957 sirlleman
1183 892 1359 976 Spartanus

235 991 362 1074 fuisset,
386 991 631 1058 admirationem
647 1010 719 1060 osse
735 997 892 1056 moturum
916 990 1091 1056 carminum
1115 989 1186 1073 ejus
1207 989 1359 1076 indolem,

235 1089 415 1156 nunidem
444 1089 486 1155 do
515 1090 645 1156 homine
674 1108 714 1155 ox
736 1087 843 1174 Lydia
873 1087 1008 1154 oriundo
1037 1093 1125 1170 puto.
1170 1088 1257 1154 Nam
1286 1088 1360 1172 quid

235 1207 295 1252 nos
323 1186 472 1270 impedit,
503 1207 545 1254 ne
573 1187 606 1253 in
636 1187 697 1252 hae
725 1193 811 1252 terra
837 1185 1007 1252 educatum
1036 1205 1108 1252 oum
1130 1185 1174 1250 ad
1203 1185 1361 1268 ejusmodi

236 1285 379 1349 carmina
410 1284 540 1366 ingenio
573 1305 630 1351 suo
663 1283 836 1368 impulsum
869 1303 941 1350 esse
977 1282 1168 1350 credamus?
1212 1283 1285 1348 Hoc
1317 1303 1362 1350 re-

236 1381 382 1464 spexisse
403 1381 529 1447 videtur
551 1381 726 1463 Himerius,
749 1375 820 1448 oum
843 1379 894 1447 Or.
914 1380 943 1446 V
965 1384 983 1446 3
1006 1381 1067 1447 ait:
1095 1376 1282 1463 Ἀλκμαίων
1305 1379 1360 1467 τὴν

236 1475 369 1561 Δώριον
393 1475 494 1562 λύραν
514 1477 663 1556 Λυδίοις
686 1476 832 1563 κεράσας
856 1474 1013 1564 ᾅσμασιν.
1054 1479 1096 1544 dr
1118 1478 1145 1544 si
1168 1477 1242 1561 quis
1266 1479 1362 1546 Grau·

235 1595 342 1641 corum
372 1575 483 1644 literas
510 1597 530 1643 a
558 1577 695 1643 barbaro
724 1575 855 1643 homine
883 1581 1052 1659 proventae
1085 1593 1157 1642 asse
1186 1597 1255 1642 non
1284 1577 1361 1658 vult,

234 1674 358 1757 majore
378 1675 453 1759 jure
474 1674 605 1740 Ionicae
627 1674 717 1758 stirpi
740 1675 929 1740 Alcmenam
955 1673 1136 1739 attribuerit
1158 1693 1257 1756 quam
1280 1675 1361 1740 Aoo

234 1771 326 1854 licus,
353 1792 424 1839 cum
447 1771 602 1838 Sardibus
626 1778 722 1838 natus
743 1770 793 1838 sit.

602 1944 673 2022 §b
721 1941 775 2006 De
798 1940 991 2007 lontibus.

308 2061 483 2146 ¹rllomanls
505 2060 679 2125 carminum
702 2059 897 2142 fragmenta,
922 2077 1004 2141 quae
1026 2065 1214 2142 supersunt,
1241 2059 1361 2143 primus

234 2158 364 2240 collegit
389 2165 429 2223 et
450 2157 599 2222 tractavit
619 2157 788 2240 Weleker;
816 2162 888 2241 post
916 2155 1001 2221 hunc
1028 2162 1277 2240 recensuerunt,
1308 2157 1362 2240 qui

234 2261 347 2339 poetas
369 2257 486 2339 lyricos
503 2255 643 2321 Graecos
660 2254 694 2319 in
710 2275 808 2320 uuum
823 2274 938 2337 corpus
960 2253 1159 2335 redigebant,
1183 2253 1362 2322 Schneider

235 2353 296 2418 vvin
328 2358 360 2418 et
382 2353 506 2435 Bergk,
537 2352 590 2435 qui
620 2352 787 2435 praeclaro
816 2358 975 2435 apparatu
1005 2349 1123 2416 critico*
1136 2370 1176 2416 aa
1197 2351 1360 2434 iustruxit,

232 2469 298 2533 qua
326 2469 361 2517 re
389 2450 432 2516 ad
464 2457 606 2516 nostrum
640 2449 836 2534 propositum
867 2450 918 2514 vol
947 2448 1086 2514 maxima
1113 2448 1236 2515 idonea
1270 2450 1360 2534 feoit;

234 2567 382 2615 numeros
404 2548 518 2614 tertiae
540 2545 691 2614 editionis
713 2547 810 2632 hujus
832 2545 939 2630 operis
960 2552 1086 2612 secutus
1107 2565 1187 2611 sum.

318 2646 430 2730 Longe
457 2646 596 2729 plurima
625 2645 805 2727 fragmenta
828 2644 1015 2710 nominatim
1038 2643 1187 2710 Alcmani
1210 2663 1232 2708 a
1255 2664 1362 2728 gram·
1480 2677 1481 2717 r

218 2721 358 2809 ‘malicia
380 2741 593 2824 vindicantur,
623 2761 727 2826 pauca
755 2761 796 2807 ex
817 2741 1003 2825 conjectura
1023 2739 1084 2806 viri
1107 2739 1194 2806 docti
1216 2740 1248 2807 ei
1271 2743 1360 2808 attri-

233 2840 379 2907 buerunt.
419 2841 541 2924 Majore
563 2839 627 2906 fide
649 2841 680 2906 ei
701 2840 916 2922 assignantur,
935 2857 1021 2922 quae
1045 2837 1154 2920 Bergk
1176 2838 1212 2902 in
1234 2844 1360 2906 textum

232 2939 353 3020 recepit
380 2937 418 3003 fr.
443 2943 481 3004 53
511 2944 543 3004 et
573 2941 613 3002 54
642 2937 680 3002 oi.
704 2936 895 3021 Apollonius
923 2934 965 3002 da
994 2955 1088 3020 pron,
1110 2939 1171 3001 366
1195 2934 1230 3000 0.
1278 2937 1360 3004 Item

188 3023 191 3034 '
232 3034 269 3098 fr.
294 3037 322 3098 8.
346 3037 397 3098 21.
422 3038 460 3096 57
491 3034 560 3117 ejus
589 3052 660 3101 asse
685 3033 844 3100 videntur.
889 3034 1060 3100 Praeterea
1081 3032 1240 3118 Muellero
1270 3055 1362 3118 prae

232 3137 328 3197 eunte
350 3131 477 3197 Abreus
499 3131 647 3214 probavit
668 3131 810 3214 glossam
825 3131 1064 3216 Hesychianam
1086 3126 1280 3198 Ἀσαναίων
1296 3132 1361 3200 πό-

231 3228 299 3293 λιν·
332 3226 393 3306 τὰς
418 3225 584 3314 Ἀφίδνας
611 3229 693 3306 (eod.
717 3225 894 3306 Ἀσανίων)
922 3229 1071 3308 Alemani
1101 3227 1221 3294 deberi.
1267 3231 1359 3300 Idem

126 3393 128 3402 ,
233 3331 350 3410 (progr.
380 3327 442 3411 lyr.
465 3326 612 3391 Haunov.
639 3329 720 3392 1868
743 3348 775 3410 p.
802 3329 851 3403 19)
881 3325 1045 3392 verisimili
1074 3325 1262 3410 conjectura
1284 3330 1359 3396 Alo·

231 3425 319 3490 mani
351 3423 493 3490 vindieat
521 3423 632 3506 adesp.
657 3428 710 3494 41,
728 3429 761 3489 et
787 3424 808 3488 l.
832 3424 853 3490 l.
883 3429 956 3507 p.7
986 3425 1110 3490 mavult
1140 3422 1183 3489 ad
1212 3433 1358 3492 nostrum

231 3530 360 3605 poetam
382 3541 535 3588 revocare
556 3541 652 3604 quam
668 3521 711 3588 ad
727 3521 881 3588 Alcaeum
903 3521 1045 3604 glossam
1061 3522 1216 3606 Hesychii
1238 3547 1359 3609 τετρα-

230 3617 367 3706 βαρήων
390 3621 546 3684 πλίνθων
570 3619 627 3684 καί
647 3616 816 3703 τάγματα·
842 3614 1014 3698 Ἀλκαῖος,
1044 3638 1115 3684 oum
1137 3618 1196 3684 illa
1224 3621 1359 3688 nomina

231 3717 421 3800 compluries
449 3722 631 3800 permutata
656 3716 730 3782 sint.
774 3715 848 3782 Non
870 3716 976 3783 minus
998 3715 1110 3800 adesp.
1133 3719 1264 3800 34-736
1287 3719 1360 3784 Alc·
1476 3709 1477 3728 ¹

231 3815 318 3880 mani
345 3814 560 3888 vindicantur.
604 3812 725 3880 Contra
752 3813 978 3897 abjudicantur
1005 3814 1047 3879 ab
1077 3833 1116 3880 eo
1144 3813 1182 3878 ir.
1207 3818 1226 3880 3
1250 3821 1284 3882 et
1307 3819 1357 3898 30,

231 3929 313 3992 quae
335 3912 524 3996 Apollonius
546 3911 588 3978 de
616 3932 707 3996 pron.
733 3914 794 3976 133
816 3910 841 3978 (l
862 3911 969 3980 adem:
1006 3909 1152 3976 πλεῖστα
1178 3916 1260 3996 γοῦν
1284 3909 1383 3980 ἔστι·

231 4004 316 4090 παρ’
341 4007 471 4093 ἑτέροις
494 4005 622 4094 εὗρεῖν·
650 4006 815 4097 σφέτερον
843 4013 975 4095 πατέρα
998 4004 1072 4075 ἀντὶ
1097 4013 1159 4073 τοῦ
1180 4005 1355 4096 ὑμετέρου,
