2986 4864
240 389 302 454 392
535 431 540 434 -
764 391 841 462 Ruge
957 365 959 370 ¹

239 569 255 628 i
274 572 429 632 exeuntes
451 567 534 630 inter
556 585 591 632 se
613 564 801 631 commixtas
822 583 909 642 esse,
940 581 980 629 ex
1008 563 1058 628 his
1080 562 1192 628 formis
1214 570 1361 645 apparet:

242 664 327 735 used,
353 661 602 744 air1·u(o.1.1‚
627 667 696 743 61),
725 659 933 732 uoseaaoaid,
957 660 1096 730 uirtutei,
1122 658 1250 742 fontei,
1274 659 1362 732 dotei,

236 771 340 845 puero,
363 760 451 826 ouius
469 761 556 826 vonis
572 759 730 844 syllabam
746 758 890 824 ultimam
913 757 1103 841 productam
1125 758 1225 824 fuisse
1248 775 1290 822 ex
1312 757 1364 822 ilio

242 877 336 924 versu
359 857 507 924 Saturnio
529 858 742 940 intellegitur:
839 895 840 898 =

328 953 477 1020 Guaivod
500 960 591 1037 patre
613 959 789 1039 prognatus
803 988 846 999 —
860 952 951 1018 fertis
974 957 1025 1016 vir
1047 951 1255 1034 sapiensque.
1292 951 1327 1017 O.
1342 953 1366 1016 1.

243 1054 273 1135 1,
299 1057 349 1120 30.

328 1149 498 1214 Abiativus
520 1156 627 1216 autem
649 1150 812 1215 nominum
834 1147 898 1212 ini
917 1146 1100 1212 exeuntium
1123 1146 1170 1212 sio
1193 1151 1283 1212 ortus
1306 1153 1366 1214 est:

243 1245 380 1311 sorti-ed
404 1281 442 1290 -
469 1248 586 1328 sort2d3
617 1255 684 1311 tum
710 1243 900 1312 consonanti
924 1239 1084 1310 demissa
1111 1251 1209 1326 atque
1232 1245 1370 1310 vooaiii

241 1345 276 1412 iu
299 1365 317 1405 e
337 1349 477 1422 mutata,
507 1363 599 1410 ossus
621 1344 780 1410 ablativus
803 1362 873 1408 oum
897 1340 1006 1406 dativo
1030 1341 1098 1406 sive
1120 1341 1272 1422 looativo,
1297 1361 1367 1423 quo·

243 1461 311 1506 rum
327 1447 459 1521 uterque
475 1447 575 1520 casus,
601 1442 768 1522 quominus
783 1441 846 1504 iam
863 1445 959 1504 antea
975 1437 1112 1503 eandem
1125 1437 1262 1503 formam
1281 1458 1368 1521 prae·

243 1537 518 1616 berent,.1diversa
539 1544 661 1602 tantum
677 1537 782 1602 finalis
798 1536 945 1620 syllabae
960 1529 1122 1616 quantitas
1144 1534 1366 1618 impediverat,

243 1637 288 1702 ita
310 1634 573 1726 eoniungebatuq
595 1642 628 1700 ut
650 1654 725 1700 usus
739 1634 912 1700 formarum
927 1624 1014 1704 ruri,
1038 1621 1112 1696 ruri
1137 1651 1203 1696 uon
1220 1631 1366 1697 differret.

330 1744 475 1810 Vidimus
497 1744 592 1825 igitur
613 1746 647 1808 iu
669 1743 816 1809 omnibus
845 1742 961 1824 linguis
984 1742 1101 1807 italiois
1124 1743 1262 1824 pluralis
1285 1743 1368 1806 abla-

243 1845 342 1909 tivum
360 1850 391 1907 et
413 1841 594 1934 looativnm,
618 1841 651 1904 in
674 1841 777 1905 latina
792 1839 964 1922 singularis
980 1859 1105 1921 quoque
1121 1838 1260 1904 duarum
1277 1839 1367 1904 decli·

244 1942 408 2006 nationum
431 1939 463 2002 in
487 1959 583 2002 unum
608 1957 679 2003 esse
701 1937 895 2002 ooniunotos.

706 2256 830 2334 Osruu
857 2259 906 2333 Π.

525 2445 582 2508 DE
608 2443 813 2508 ABLATiVI
837 2442 972 2508 OASUS
995 2441 1089 2508 USU.

331 2614 410 2680 Ooto
425 2632 564 2694 ossuum,
588 2613 642 2694 qui
657 2613 690 2676 in
707 2612 854 2676 omnibus
876 2611 994 2694 linguis
1009 2611 1283 2694 iudogermauiois
1299 2613 1369 2678 olim
1473 2671 1474 2686 q

246 2712 425 2792 exstabant,
448 2710 559 2792 lingua
580 2710 683 2774 lutiua
698 2716 821 2792 septem
844 2709 897 2774 vel
918 2709 1027 2792 potius
1049 2727 1108 2774 sex
1125 2709 1279 2790 servavit,
1301 2729 1370 2774 oum
1473 2761 1474 2778 1

246 2807 402 2875 loostivus
429 2807 545 2890 partim
568 2808 612 2872 ad
634 2827 726 2872 usum
755 2807 833 2872 satis
855 2807 931 2872 artis
961 2805 1077 2871 finibus
1099 2807 1369 2890 oiroumsoriptum

246 2914 278 2970 et
305 2906 372 2970 tere
399 2903 618 2970 adverbialem
648 2903 861 2984 reduceretur,
896 2904 1012 2986 partim
1042 2921 1112 2968 oum
1142 2903 1217 2969 aiiis
1247 2904 1372 2971 ossibus

246 3004 456 3080 ooalesoeret,
489 3001 674 3081 quibusoum
703 3021 768 3066 uua
797 3021 817 3066 a
845 2999 1007 3083 plerisque
1036 3001 1256 3082 grammaticis
1284 3021 1372 3086 prae

246 3099 360 3164 teritae
388 3104 579 3177 nostraeque
608 3099 721 3164 aetatis
750 3098 957 3164 tractabatur.
1002 3097 1098 3163 Ouios
1121 3098 1166 3163 rei
1190 3101 1371 3183 exemplum

246 3195 443 3260 iuouleutum
472 3192 532 3256 hoo
561 3201 624 3258 est:
660 3196 848 3277 plerumque
877 3194 993 3260 dietum
1023 3203 1072 3260 est
1107 3195 1181 3258 ruri
1209 3195 1289 3278 (arcs
1307 3196 1371 3258 dem

246 3291 382 3371 Laude),
399 3296 433 3355 at
446 3309 524 3351 rure
533 3300 669 3373 paterno
687 3293 763 3374 (uus
773 3293 802 3357 d.
818 3293 928 3356 adteri.
942 3293 1119 3376 Loudqut);
1134 3300 1274 3376 apparet
1290 3291 1370 3360 euim

245 3390 320 3452 ruri
339 3394 508 3472 propterea
529 3407 600 3453 oum
623 3389 788 3455 adieetivo·
805 3390 1006 3455 oouiunotum
1022 3411 1085 3455 non
1102 3409 1183 3471 osse,
1207 3390 1297 3471 quod
1318 3389 1371 3456 ad·

245 3485 390 3554 verbium
413 3490 492 3549 erat.

333 3584 444 3649 Sermo
467 3583 604 3665 latinus.
620 3571 724 3666 qualis
739 3584 773 3648 in
787 3584 1018 3666 antiquissimis
1041 3584 1269 3664 monumentis,
1293 3603 1372 3666 quae

247 3679 375 3764 quidem
398 3679 441 3745 ad
464 3699 521 3744 nos
549 3691 780 3764 pervenerunt,
812 3688 934 3762 exstat,
964 3680 1220 3763 praepositiones
1244 3682 1372 3764 saepius

246 3780 279 3843 in
301 3799 392 3844 usum
416 3796 506 3842 suum
536 3778 693 3842 eonvertit
717 3798 811 3860 quam
839 3777 984 3861 sequenti
1006 3783 1150 3860 tempore
1172 3777 1292 3843 sautum
1316 3786 1370 3858 est,

168 3893 170 3898 ·
247 3892 309 3955 quo
331 3873 465 3939 eertiore
487 3874 626 3957 quadam
656 3875 729 3957 lege
757 3896 908 3958 purorum
930 3883 1060 3940 oa'suum
1083 3893 1281 3958 ossuumque
1303 3895 1370 3940 oum

247 3970 538 4052 praepositionibus
553 3971 791 4038 eoniuuotorum
806 3993 882 4038 usus
898 3971 1112 4055 distinguitur.
1142 3970 1251 4050 Quare
1266 3971 1369 4038 Plauti
