2916 4872
483 480 605 536 Schedae
622 480 820 550 grammaticae.
1158 473 1220 534 109

97 654 199 721 Curtio
223 660 273 722 est
294 653 480 736 offensioni,
511 653 659 738 exemplo
687 653 859 719 formarum
887 648 974 735 μετά
996 657 1028 719 et
1051 647 1141 717 πεόά
1165 649 1220 716 do·

96 759 187 835 cetur,
211 752 246 817 in
269 752 384 835 quibus
406 751 520 818 eadem
543 752 624 818 ratio
647 751 850 835 conspicitur.

556 957 760 968 ...----—

95 1109 133 1175 X.
161 1096 1218 1193 Depraepositionissordorigineetiormisvariis.

174 1245 453 1330 Praepositionum
470 1263 615 1330 apocope
636 1244 670 1310 in
691 1242 791 1310 variis
813 1241 960 1310 dialectis
982 1242 1171 1309 observatur
1186 1250 1219 1311 et

30 1407 36 1426 ,
94 1341 125 1406 in
139 1342 332 1426 quibusdam
354 1343 432 1410 satis
447 1349 607 1412 constans,
619 1348 677 1409 est.
707 1341 931 1408 Heraclienses
946 1339 1076 1424 quidem
1091 1361 1219 1426 semper

95 1435 131 1503 dr
153 1459 210 1523 pro
235 1437 315 1520 ἀνά,
347 1438 410 1505 uda
431 1461 489 1526 pro
513 1437 598 1506 κατά
627 1437 748 1506 dixisse
770 1457 812 1504 cx
839 1438 959 1505 tabulis
987 1438 1053 1506 illis
1082 1440 1219 1524 egregiis

94 1559 147 1620 pro
169 1545 259 1605 certo
282 1539 410 1605 scimus.
454 1539 591 1623 Saepius
613 1543 720 1604 autem
743 1555 801 1620 pro
825 1534 887 1602 κάτ
909 1536 1038 1604 brevior
1058 1537 1219 1620 quaedam

94 1636 190 1702 forma
213 1635 264 1702 κά
286 1637 434 1719 cernitur,
457 1655 540 1720 quae
557 1655 623 1702 uon
644 1634 747 1700 solum
770 1634 804 1699 in
826 1634 935 1700 multis
956 1633 1219 1720 inscriptionibus

94 1732 214 1817 legitur,
240 1753 350 1802 verum
373 1735 470 1802 etiam
492 1753 513 1800 a
533 1730 759 1818 grammaticis,
782 1731 923 1798 maxime
943 1731 1162 1817 ab‘Hesychio
1184 1735 1219 1800 in

94 1832 308 1915 compluribus
336 1833 452 1916 glossis
481 1830 625 1898 traditur.
669 1828 761 1909 Quae
789 1828 917 1912 quidem
945 1836 1076 1914 propter
1104 1831 1218 1898 miram

93 1926 178 1993 illam
207 1929 344 1996 formam
373 1927 415 1994 κά
445 1929 633 2012 plerumque
662 1927 715 1993 vel
744 1925 826 1993 ialso
854 1925 995 1993 traditae
1016 1928 1071 1994 vel
1099 1927 1219 1996 dubiae

94 2024 164 2092 fidei
186 2045 261 2093 esse
283 2026 485 2116 videbantur.
530 2027 598 2092 Nec
620 2023 725 2090 minus
747 2024 827 2090 talia
848 2024 1089 2108 inscriptionum
1112 2045 1218 2093 exem·

94 2124 145 2206 pla
172 2145 214 2192 ex
245 2124 450 2208 neglegentia
478 2122 689 2208 lapicidarum
718 2122 1024 2208 interpretabantur.
1067 2124 1111 2190 At
1133 2122 1218 2190 κατά

94 2228 123 2287 et
143 2220 184 2287 κά
207 2223 242 2287 in
259 2222 423 2287 nonnullis
440 2220 585 2288 dialectis
607 2222 786 2304 promiscue
808 2221 956 2304 usurpari
978 2220 1048 2288 sine
1070 2223 1139 2289 ulla
1161 2224 1220 2290 dif-

94 2318 233 2387 ficultate
262 2326 368 2404 potest
397 2319 534 2386 ostendi.
578 2317 746 2399 Quomodo
776 2317 818 2384 de
846 2318 915 2384 eius
947 2319 1069 2385 lormae
1095 2321 1219 2404 origine

93 2417 297 2484 iudicandum
326 2417 381 2499 sit,
412 2417 496 2484 inira
525 2416 721 2502 ridebimus,
750 2435 822 2482 cum
852 2418 1003 2500 exempla
1030 2439 1097 2484 non
1119 2418 1219 2486 dubia

94 2516 394 2582 enumeraverimus.
438 2512 615 2581 Occurrunt
642 2522 749 2580 autem
777 2514 1024 2598 praepositionis
1047 2512 1090 2580 κά
1112 2536 1219 2584 exem·

94 2614 210 2696 plain
235 2613 416 2679 dialecto

173 2712 201 2777 Ι.
240 2710 445 2777 laconica:

177 2810 209 2885 1)
246 2803 550 2892 παρ’-κα-θήκα
574 2824 633 2889 pro
662 2804 965 2894 παρακαταθήκα,-
983 2806 1217 2891 „depositum“,
1342 2857 1348 2874 .

93 2903 124 2969 iu
134 2906 343 2989 inscriptione
357 2905 485 2988 legitur,
502 2922 596 2986 quam
611 2902 832 2972 Eustratiades
843 2900 1099 2991 (Ἀρχαιολογικὴ
1113 2902 1217 2993 impp.

98 3007 189 3087 1869,
220 3025 252 3088 p.
276 3006 350 3081 344)
373 3009 406 3070 et
427 3001 599 3068 Kirchhoff
621 3001 904 3078 (Monatsberichte
930 3001 989 3071 der
1011 3003 1095 3070 Berl.
1117 3003 1218 3071 Acad.

96 3106 174 3167 1870
198 3105 250 3168 31.
272 3101 359 3175 Jan.)
381 3099 562 3168 ediderunt.
598 3097 695 3164 Cuius
716 3099 933 3185 inscriptionis
954 3121 1030 3184 pars
1050 3102 1155 3169 altera
1175 3104 1217 3168 ab

95 3198 179 3266 hisce
197 3199 305 3265 verbis
318 3198 445 3283 incipit:
468 3196 641 3276 „Hostiles
662 3195 873 3284 παρκαθήκα
894 3204 958 3264 τῶι
975 3200 1147 3282 &eduxerim
1163 3224 1218 3266 τε·

94 3295 268 3380 τρακάτιοι
289 3307 371 3379 μναῖ
392 3291 572 3380 ἀργυρίω.“
608 3293 829 3373 Eustratiades
850 3295 984 3363 formam
1006 3295 1217 3383 παρκαθήκα

94 3393 172 3461 laiso
194 3395 305 3461 aoristi
330 3393 539 3460 indicativum
562 3409 634 3458 esse
656 3391 783 3474 statuit,
806 3392 1022 3461 Kirchhofdus
1042 3401 1129 3462 recte
1151 3396 1218 3477 qui·

96 3490 165 3558 dem
187 3491 348 3560 intellexit
369 3510 441 3558 esse
462 3489 714 3571 substantivum,
737 3489 796 3556 sed
817 3491 851 3557 id
874 3512 931 3575 pro
954 3489 1217 3578 rapsodsdlp‘ao

97 3607 164 3656 esse
184 3597 286 3675 putat.

177 3692 209 3764 2)
239 3685 282 3753 κά
301 3686 475 3771 separatim
495 3684 658 3751 invenitur
671 3683 706 3750 in
721 3677 866 3754 eiusdem
886 3685 1103 3772 inscriptionis
1124 3695 1218 3771 parte

96 3785 205 3868 altera,
227 3806 275 3853 vs.
292 3789 327 3850 7:
351 3784 540 3869 διαγνῶμεν
557 3780 593 3847 δὲ
610 3779 677 3859 τώς
695 3782 865 3869 Τεγεάτας
886 3782 936 3849 κὰ
957 3784 1027 3849 τὸν
1043 3784 1217 3867 desipio

97 3884 251 3966 etaltera,
272 3902 321 3949 vs.
339 3887 394 3948 11:
416 3885 469 3948 soi
488 3888 655 3967 Τεγεᾶται
670 3879 854 3964 ὅιαγνόντω
877 3880 926 3947 κὰ
943 3880 1014 3947 τὸν
1033 3882 1217 3966 desipis.

178 3981 284 4046 Etiam
300 3981 445 4063 Alcman,
468 3981 630 4047 laconicus
653 3986 759 4064 pocta,
783 3975 826 4044 κά
848 3981 1022 4065 separatim
1044 4001 1217 4066 usurpasse

96 4075 228 4161 ridetur,
250 4098 326 4144 nam
341 4078 368 4146 si
381 4077 418 4158 in
431 4078 546 4162 fragm.
561 4078 694 4162 antiquo
713 4082 755 4142 44
777 4078 911 4161 (Bergk)
934 4074 1011 4143 κατ’
1028 4071 1069 4146 ἄν
1088 4077 1216 4163 κάρραν
