2916 4872
254 439 295 500 90
408 429 411 436 ’
752 443 884 499 Bounack

253 625 328 686 sunt
350 616 503 703 Hesychii
530 617 674 700 glossae:
707 613 848 695 ὖ-ῑδοῑς·
878 615 961 682 υἱῶν
983 615 1062 695 υἱοί,
1086 615 1218 702 ἐ’γγουοι
1239 615 1361 698 (tt-rtem

251 719 307 786 eir.
330 712 566 799 Αἰακ-ιόεύς);
597 709 709 792 ὖ-ῑδός
734 709 751 780 ὅ
774 720 834 780 τοῦ
856 714 931 780 υἱοῦ
953 711 1042 793 υἱός,
1065 715 1154 780 ouius
1175 717 1362 784 accusativus

251 815 386 901 pluralis
400 807 533 890 ὖ-ϊόούς
555 813 635 890 (cod.
653 807 797 891 ὓίδοῦς)
821 806 975 897 ἢῦῑδοῖς.
998 811 1079 877 υἱῶν
1102 811 1197 891 υἱούς
1219 814 1361 893 [suffixum

251 913 343 990 -toog
360 936 367 975 :
383 909 479 998 -ιδης
492 905 694 996 ε”Αγητος
717 918 781 996 (ap.
798 911 833 977 Β.
852 914 948 989 1437)
962 935 969 976 :
984 903 1124 996 Ἀγήυας
1139 919 1205 996 (ap.
1222 913 1257 978 F.
1275 917 1327 979 168
1335 914 1361 990 b)

250 1037 294 1065 ε
314 1009 488 1095 ἵππαρχος
503 1033 511 1075 t
529 1007 702 1093 ἱππάρχας
725 1012 817 1087 (Ross
839 1010 933 1074 inser.
957 1008 1042 1074 ined.
1064 1011 1132 1093 30];
1155 1003 1270 1097 ὖ-ῑδήυ
1290 1011 1361 1089 (cod.

250 1105 360 1195 ὖῑδῆυ)
389 1106 465 1173 υἱοῦ
487 1113 676 1192 θυγατέρα,
706 1104 817 1184 ὖ-ΐδες
838 1103 921 1171 υἱῶν
943 1110 1131 1191 θυγατέρες
1161 1111 1259 1182 (nom.
1281 1103 1360 1186 ὖ-ΐς).

337 1219 373 1284 Β.
419 1216 527 1295 οἱὸ-ς
556 1225 604 1284 est
626 1219 728 1284 forma
751 1217 900 1302 vulgaris.
947 1216 1115 1300 Oopulatio
1138 1218 1294 1284 vocalium
1315 1241 1360 1282 υιο

249 1317 303 1383 vel
325 1339 383 1381 υια
404 1315 547 1400 exceptis
569 1315 746 1400 participiis
768 1316 846 1382 satis
867 1332 941 1381 rara
963 1322 1027 1382 est:
1056 1320 1181 1396 νέκυια,
1208 1312 1361 1399 Ἅρπυιαι,

249 1408 427 1500 μητρυιός,
457 1412 651 1498 *γλυκυιο-υ
672 1415 706 1480 in
730 1414 883 1498 γλυκκεῑν
914 1411 1000 1488 (vide
1022 1418 1139 1497 supra).
1186 1415 1362 1498 Nuperrime

248 1510 414 1594 inscriptio
430 1512 518 1578 edita
533 1519 581 1578 est
594 1511 834 1594 (Palingenesia
851 1515 942 1594 1877,
961 1515 996 1576 11
1014 1511 1077 1576 ἰαυ.
1093 1532 1146 1577 no.
1161 1513 1268 1594 3689),
1291 1532 1362 1596 quae

249 1609 336 1676 urbis
358 1609 463 1676 adhuc
484 1609 614 1693 ignotae
636 1629 754 1675 nomen
777 1607 916 1674 Λαοαια
938 1607 1077 1674 exhibet.

335 1705 368 1774 Ο.
413 1707 517 1791 Stirps
552 1702 626 1772 ὑ-ο-
659 1715 729 1773 orta
757 1714 806 1774 est
833 1706 941 1772 radice
974 1705 1086 1772 suffixo
1116 1730 1134 1770 υ
1168 1706 1361 1790 amplificata.

249 1804 342 1873 Nom.
370 1801 429 1883 ὖύς
457 1802 490 1871 Ο.
520 1805 546 1870 Ι.
569 1806 634 1871 Att.
659 1808 720 1872 398
752 1805 878 1890 legitur,
910 1823 1005 1888 quam
1034 1805 1164 1870 brevem
1194 1805 1362 1889 inscriptio·

247 1923 320 1971 nem
344 1903 516 1969 Nenbauer
543 1903 689 1981 (Hermes
711 1904 744 1968 X
766 1924 796 1988 p.
823 1905 896 1980 159)
922 1903 1009 1968 hunc
1029 1901 1063 1966 in
1085 1901 1214 1967 modum
1237 1903 1363 1970 restituit

360 2037 545 2121 Διογέυ[ης]
568 2031 716 2120 ἀνέθηκε
737 2025 935 2115 Ἀϊσσχὺλου
960 2025 1018 2110 ritis
1041 2031 1255 2120 Κεφ[α]λῆος.

246 2166 332 2233 Dein
353 2165 491 2233 traditae
514 2173 588 2232 sunt
610 2165 800 2233 nominativi
822 2167 866 2248 pl.
889 2165 1011 2231 formae
1032 2157 1094 2250 ὑῆς
1117 2171 1150 2232 et
1172 2160 1242 2240 ὑεῖς
1264 2167 1296 2229 in
1318 2166 1361 2229 in·

246 2284 306 2331 scr.
328 2269 384 2328 att.
429 2262 491 2328 co.
515 2263 639 2329 Weckl.
663 2284 727 2328 our.
751 2264 851 2346 epigr.
878 2267 925 2328 19.
969 2257 1041 2338 ὖοῑς
1063 2262 1232 2328 formatum
1255 2272 1302 2328 est
1320 2261 1362 2328 uti

246 2361 378 2445 γλυκεῖς
400 2366 432 2426 et
454 2366 559 2426 exstat
575 2359 610 2426 0.
627 2362 652 2426 I.
669 2361 750 2441 seb,
772 2380 820 2430 vo.
839 2363 887 2441 13,
912 2363 962 2442 2³,
987 2363 1036 2424 26.
1067 2357 1130 2424 co.
1146 2361 1231 2445 App.
1247 2381 1278 2444 p.
1294 2361 1359 2426 897.

329 2475 372 2539 D.
416 2474 519 2559 Stirps
547 2473 644 2553 v-tv-,
673 2475 762 2541 cuius
787 2475 1003 2540 nominativus
1024 2474 1058 2538 in
1080 2474 1301 2556 antiquissima
1321 2475 1361 2538 in·

245 2573 419 2658 scriptione
450 2573 595 2639 laconica
630 2573 793 2640 invenitur
826 2572 913 2639 edita
943 2593 965 2638 a
995 2571 1126 2653 Roscio,
1167 2572 1361 2654 Intelligere

245 2671 326 2738 blatt
349 2671 406 2739 der
427 2671 556 2754 allgem.
579 2671 846 2752 Litteraturneitg.
870 2673 961 2750 1837,
985 2670 1196 2752 Archaeolog.
1219 2669 1360 2736 Auistttue

243 2770 260 2836 I
282 2792 313 2853 p.
337 2773 367 2852 7,
390 2790 411 2835 a
432 2770 607 2852 Rangabco
629 2771 704 2836 Ant.
727 2768 813 2834 Heli.
836 2769 861 2850 Ι,
885 2771 958 2847 316,
985 2787 1007 2832 a
1028 2767 1075 2833 Le
1096 2766 1193 2833 Basio
1216 2767 1296 2852 Voy.
1317 2784 1361 2832 an

244 2868 388 2950 cheolog.
412 2866 475 2931 Til.
498 2869 534 2948 2,
560 2872 593 2947 1,
624 2887 644 2932 a
670 2867 765 2932 Foue.
791 2869 867 2948 too,
897 2863 1148 2947 attenhonem,
1179 2862 1360 2931 HermesX

322 3067 353 3125 Γ
353 3061 537 3138 Manuaria
560 3062 613 3140 με]
634 3065 749 3141 μνᾶμα
772 3058 886 3137 Κάλας
908 3051 1016 3138 [ἔθετ’
1033 3054 1187 3136 Habitent
1209 3057 1290 3134 υἱύς.
1452 3143 1453 3146 ¹

243 3156 317 3235 οἱύς
339 3157 435 3240 igitur
457 3156 589 3242 praebet
606 3156 693 3223 idem
707 3155 864 3238 suffixum,
887 3155 973 3240 quod
987 3157 1147 3222 sanserita
1160 3163 1193 3222 et
1214 3157 1359 3224 lituaniea

243 3255 404 3320 voeabula
431 3254 465 3319 in
492 3253 590 3338 -jfue
611 3255 770 3320 exeuntia.
816 3254 913 3321 Falsa
938 3253 1035 3337 igitur
1062 3260 1111 3319 est
1131 3253 1304 3321 Auireohtii
1331 3257 1359 3320 et

242 3352 340 3418 Pottii
355 3351 473 3436 opinio,
497 3352 550 3435 qui
572 3351 719 3420 suffixum
735 3358 776 3430 ju
797 3353 831 3417 in
854 3352 966 3435 lingua
986 3370 1104 3435 graeca
1123 3351 1158 3418 in
1182 3375 1217 3418 ου
1241 3359 1358 3435 permu-

242 3457 342 3517 tatum
366 3469 437 3517 esse
459 3450 651 3532 statuebant,
676 3450 759 3533 quod
775 3449 873 3516 etiam
889 3449 1017 3515 Curtius
1033 3449 1227 3532 improbavit
1242 3451 1358 3534 Etym⁴

241 3569 274 3634 p.
291 3551 364 3614 597.
400 3545 524 3613 Exilia
546 3555 651 3614 autem
674 3547 777 3612 forma
799 3567 910 3614 omnes
931 3547 1016 3613 aliae
1037 3546 1189 3612 facillime
1210 3544 1357 3632 explicari

241 3651 384 3730 possunt
428 3647 493 3710 Aut
520 3643 593 3722 υἱύς
622 3664 724 3728 aeque
753 3663 791 3710 ae
820 3641 939 3728 γλυκύς
969 3644 1147 3710 declinatur
1175 3644 1242 3720 (cfr.
1271 3640 1356 3709 aaa
1453 3669 1455 3714 ς

242 3764 294 3827 ap.
317 3743 355 3808 B.
371 3747 443 3825 425,
467 3739 576 3820 υ-ἱέος
603 3746 693 3824 1080,
716 3740 802 3806 υ-ῒεῖ
823 3761 875 3826 ap.
898 3741 934 3806 Β.
959 3746 1057 3822 itta)
1080 3747 1144 3824 aut,
1167 3742 1306 3810 maxime
1325 3740 1355 3805 in
1454 3787 1455 3804 .

242 3840 372 3908 Homeri
399 3839 610 3923 carminibus,
639 3841 685 3906 ita
706 3845 741 3905 ut
762 3846 838 3905 ante
859 3837 1101 3908 terminationes
1123 3864 1141 3905 ο
1164 3839 1198 3906 in
1220 3866 1242 3905 r
1263 3845 1356 3905 muta·

241 3945 308 4003 turn
331 3937 486 4005 exciderit
508 3935 642 4017 (υ-ῐ-ος,
666 3934 731 4016 vta,
753 3932 811 4002 υἷα
833 3935 887 4002 cir.
911 3933 1002 4016 νεός,
1026 3939 1087 4017 ναΐ,
1110 3942 1187 4021 uto3
1216 3934 1286 4014 οἶες
1306 3956 1353 4019 ap.

241 4034 278 4100 Β.
305 4039 380 4100 1411
414 4032 590 4114 υ1ῐ.νέες).
636 4034 768 4100 Veteres
794 4034 994 4116 grammatici
1023 4042 1056 4101 nt
1078 4035 1138 4110 iras
1160 4035 1279 4101 termas
1306 4053 1355 4100 ex·
