2968 4866
189 429 251 490 310
468 475 471 480 .
687 431 821 485 Schrader

274 605 388 670 Paullo
410 604 504 668 aliter
526 621 577 667 res
598 603 633 667 in
654 603 788 668 latina
809 603 954 686 lingua
975 621 1046 668 sese
1068 602 1192 667 habuit·
1226 603 1263 668 In
1279 622 1319 668 ea

133 727 135 732 ·
188 704 292 782 enim,
322 721 395 781 oum
423 718 528 782 neque
557 701 778 768 coniunctivus
805 704 949 767 vocalem
973 721 990 764 e
1012 701 1166 799 exhibeat
1190 708 1223 766 et
1247 721 1318 766 raro

190 802 329 868 studium
362 798 444 864 illud
476 797 636 862 vocalium
667 799 892 866 concinnitatis
924 799 1062 883 perspici
1095 799 1214 881 possit,
1249 798 1319 864 sine

190 898 286 964 dubio
323 896 474 981 spirantis
506 895 652 973 (vocalis)
674 896 702 979 j·
726 899 762 975 (i)
796 898 940 961 vocalem
974 895 1195 962 antecedentis
1233 896 1266 961 vi
1294 900 1315 958 ᾶ
1414 915 1418 922 ’

187 998 222 1061 in
245 1009 260 1060 c
280 1002 436 1061 mutatum
459 999 516 1058 est.
556 992 646 1059 Idem
669 995 753 1059 enim
778 1015 848 1059 cum
871 994 947 1058 alibi
961 1001 1037 1072 ¹tum
1061 994 1201 1059 maxime
1223 994 1257 1059 in
1280 994 1317 1058 V.

170 1096 270 1169 decl.
294 1091 460 1157 vocabulis
482 1090 599 1155 factum
624 1098 687 1156 est:
711 1093 738 1154 ie
754 1111 794 1155 ex
809 1088 840 1154 id
863 1092 901 1155 cl.
918 1091 1061 1154 luxuries
1078 1112 1119 1158 ex
1134 1090 1317 1158 *lemovica

207 1265 210 1274 y
274 1190 396 1270 Quodsi
410 1208 488 1253 vero
503 1187 574 1269 quis
596 1187 715 1253 similia
731 1189 763 1253 in
780 1209 897 1271 graeca
920 1191 1031 1270 lingua
1045 1186 1202 1254 accidisse
1218 1190 1319 1273 suspi-

190 1297 280 1355 catus
303 1288 360 1367 sit,
389 1285 570 1351 meminerit
598 1286 695 1349 velim
725 1289 891 1351 atticorum
914 1288 1186 1378 substantivorum
1209 1289 1244 1350 in
1267 1291 1320 1351 -ία

189 1391 319 1471 (σοφία,
343 1389 472 1466 μανία),
502 1403 578 1447 nam
600 1382 687 1465 apud
711 1384 852 1451 Graecos
867 1385 1011 1450 vocalem
1034 1388 1056 1447 ᾶ
1077 1386 1185 1450 littera
1201 1409 1214 1448 ι
1230 1392 1319 1449 ante-

182 1481 325 1550 cedente
353 1503 416 1546 non
445 1481 548 1546 solum
578 1499 643 1543 non
675 1482 789 1548 mutari
819 1502 928 1548 verum
962 1484 1058 1547 etiam
1092 1485 1215 1566 servari
1248 1484 1319 1548 luce

112 1603 116 1611 ·
191 1583 310 1646 clarius
332 1587 475 1663 apparet.

207 1709 213 1714 ·
274 1679 394 1758 Restat,
418 1683 452 1741 ut
475 1677 515 1743 de
530 1678 649 1743 aoristo
671 1697 756 1760 pass.
773 1677 806 1739 in
830 1682 926 1761 -θην,
950 1674 1133 1763 ἐφιῖήθην,
1159 1676 1317 1759 ἐβουλεύ-

188 1781 258 1866 dqp
274 1781 334 1840 ete.
357 1793 461 1857 pauca
481 1776 582 1842 verba
596 1773 763 1840 addamus.
794 1773 875 1840 Oum
896 1781 1004 1840 tamen
1019 1777 1083 1840 iam
1100 1797 1199 1860 supra
1221 1776 1320 1840 moni-

188 1880 255 1938 tum
278 1872 336 1953 sit,
359 1891 431 1937 eum
454 1891 525 1937 oum
547 1872 616 1939 rad.
641 1872 713 1945 dha,
740 1877 785 1937 θε
808 1872 917 1937 formis
938 1872 1150 1954 compositum
1173 1893 1254 1948 esse,
1272 1873 1319 1940 'de

190 1970 258 2034 eius
272 1970 376 2034 vocali
393 1994 412 2055 η
429 1970 461 2032 in
483 1969 629 2034 dialectis
644 1969 868 2034 aeolo-doricis
890 1965 1073 2052 conspecta
1085 1971 1199 2036 eodem
1223 1971 1318 2037 modo

189 2065 395 2166 iudiqandum
419 2085 499 2146 esse,
523 2087 585 2148 quo
608 2067 649 2133 de
671 2066 808 2149 simplici
830 2068 898 2133 rad.
919 2072 973 2148 θε,
995 2073 1130 2154 τίθημι,
1155 2067 1244 2154 ἔθην
1260 2077 1317 2134 etc.

190 2163 246 2226 vix
269 2170 317 2229 est
339 2162 424 2246 quod
445 2183 604 2228 moneam.
639 2163 678 2228 cf.
699 2163 796 2245 igitur
817 2168 837 2244 ξ
864 2169 912 2245 11,
942 2165 1020 2230 ibid.
1044 2165 1085 2231 de
1108 2166 1188 2231 eleis
1209 2166 1319 2232 formis

191 2261 294 2346 coep,
318 2258 481 2346 ἀνατεθᾷ.
878 2285 882 2292 ·

649 2581 773 2658 CAPUT
804 2583 854 2656 ΙΙ.

386 2754 441 2817 De
462 2750 597 2817 vocali
624 2778 640 2839 q
664 2753 703 2816 in
727 2752 936 2816 radicibus
959 2753 1127 2818 usitata.

705 2908 725 2986 e
753 2909 799 2969 Π.

275 3039 462 3120 Priusquam
491 3041 523 3104 in
553 3040 690 3105 mediam
721 3059 788 3103 rem
817 3038 1054 3123 progredimur,
1085 3043 1199 3124 paucis
1228 3044 1319 3108 nobis

113 3192 116 3200 ,
190 3135 232 3200 de
255 3136 439 3200 lontibus
462 3137 522 3202 erit
537 3137 775 3221 disputandum,
798 3138 946 3219 equibus
963 3138 1073 3201 harum
1090 3159 1197 3204 rerum
1213 3141 1319 3222 cogni·

101 3319 104 3324 Ι
189 3233 310 3298 tionem
332 3233 542 3301 hauriendam
566 3255 636 3301 esse
659 3235 928 3314 existimavimus,
957 3254 1031 3299 nam
1061 3256 1133 3300 cum
1153 3237 1188 3301 in
1214 3240 1319 3322 priore

190 3331 307 3414 eapite,
331 3350 393 3413 quo
409 3330 450 3396 de
464 3332 569 3397 vocali
584 3357 604 3418 η
620 3333 654 3396 in
669 3333 897 3398 vocabulorum
915 3333 1104 3399 formatione
1127 3340 1160 3398 et
1181 3335 1319 3402 flexione

185 3430 310 3494 usitata
330 3430 495 3512 agebatur,
525 3430 748 3514 plerarumque
776 3431 947 3496 formarum
970 3437 1017 3496 ῖοῖ
1044 3438 1076 3496 et
1104 3431 1138 3496 in
1161 3433 1265 3524 titulis
1287 3440 1318 3499 et

190 3527 225 3590 in
246 3524 337 3592 libris
360 3533 524 3606 exstarent
546 3527 704 3609 exempla,
728 3533 763 3591 ut
778 3528 819 3592 de
835 3528 1041 3594 dialectorum
1063 3528 1125 3593 hac
1147 3529 1182 3594 in
1204 3549 1241 3595 re
1262 3535 1319 3596 uslr

184 3624 330 3689 dubitari
351 3625 406 3688 vix
428 3631 546 3706 posset,
569 3621 663 3706 nunc,
687 3625 836 3706 quoniam
859 3626 901 3690 de
922 3625 1057 3707 singulis
1074 3625 1180 3708 iisque
1203 3628 1317 3709 partim

191 3721 273 3786 raris
293 3722 475 3803 vocabulis,
506 3741 665 3804 quaenam
693 3740 801 3787 eorum
830 3723 864 3787 in
886 3722 1049 3808 radicibus
1070 3721 1165 3789 fuerit
1187 3725 1316 3806 vocalis,

191 3816 365 3897 quaesituri
386 3837 515 3899 sumus,
528 3819 625 3902 longe
643 3820 763 3884 maiore
778 3827 810 3884 et
825 3819 974 3886 cautione
988 3825 1020 3884 et
1034 3818 1317 3905 circumspectione

192 3931 273 3994 opus
295 3921 352 3978 est.
394 3917 500 3996 Atque
521 3923 556 3980 ut
578 3917 724 3983 omnibus
745 3917 780 3981 in
802 3917 1043 3998 quaestionibus
1067 3916 1315 4002 dialectologicis

192 4007 239 4071 ita
257 4008 322 4072 bac
344 4028 470 4092 quoque
490 4013 524 4076 in
546 4031 581 4077 re
603 4013 719 4078 tituli
749 4022 876 4097 praeter
898 4013 1038 4097 reliquos
1064 4015 1171 4083 fontes
1201 4011 1314 4100 dignis·
