2968 4866
255 403 318 465 304
754 405 887 460 Schrader

255 582 459 650 substantiva
491 586 523 647 et
555 577 710 646 adverbia
743 569 976 645 transtulerdut
1009 579 1116 662 itaque
1153 599 1195 645 ex
1232 580 1382 663 analogia

254 682 382 747 illorum
419 675 578 764 ὀκνηρός,
616 673 789 763 ἀπατηλὸς
812 685 872 744 ete.
904 676 999 743 facile
1033 697 1120 742 nova
1153 677 1316 745 adieetiva
1349 685 1382 744 nt

255 776 392 866 οἰνηρός
408 801 415 842 :
433 771 540 852 οἶνος,
563 771 711 861 ὑψηλός,
734 771 897 860 χαμηλός,
920 770 1065 860 ὑδρηλάς
1086 774 1208 853 (hom),
1234 774 1382 862 αἰψηρὸς

255 876 364 955 (1ιοιιι.)
393 882 462 942 orta
491 879 575 957 sunt.
620 872 747 939 Dixerit
775 873 933 956 quispiam
962 867 1094 958 ὑψηλός
1119 882 1152 939 et
1179 869 1319 960 ὖγιηρός
1340 874 1381 940 ad

254 971 459 1059 *ὑψεσ-λας,
481 966 681 1056 *byrso-poe
704 971 819 1037 redire.
850 972 891 1037 At
906 970 1014 1052 Attici,
1038 971 1065 1036 si
1083 971 1145 1036 hoo
1159 990 1275 1038 verum
1290 980 1379 1056 esset,

254 1068 433 1155 *ὑψειλὸς,
455 1065 605 1154 ὗηιειρός
627 1069 827 1136 formassent.
859 1068 1006 1135 Ceterum
1023 1067 1136 1134 eadem
1159 1068 1265 1138 falsae
1286 1070 1378 1150 illius,

254 1189 337 1254 quae
349 1169 472 1250 dicitnr,
489 1167 660 1250 analogiae
672 1167 907 1252 vestigiaapnd
919 1167 1052 1233 Latinos
1067 1167 1217 1258 cognosci
1234 1175 1377 1251 possunt3

254 1267 294 1333 ef.
320 1267 405 1333 enim
432 1264 648 1352 poetar-odic,
678 1265 886 1351 corpor-ela
915 1263 1052 1330 Oorssen
1081 1265 1278 1330 voe.1222
1302 1287 1377 1350 :pe-

253 1363 377 1436 neritis,
402 1361 539 1428 liberetis
561 1369 620 1429 ete.
659 1365 661 1370 ’

770 1534 790 1612 ξ
815 1537 864 1598 14.

340 1652 541 1736 Quamquam
564 1653 660 1718 etiam
684 1671 768 1718 nnnc
792 1658 915 1718 restant
944 1651 1047 1717 duae
1075 1671 1126 1718 res
1155 1652 1374 1736 explicandae,

254 1770 379 1834 quaes
406 1751 575 1817 verborum
606 1755 838 1815 contractorum
867 1748 1005 1815 flexione
1032 1748 1172 1832 disiungi
1202 1758 1375 1834 nequeunt:

340 1849 364 1912 I.
399 1847 596 1933 Saepissime
618 1848 703 1912 enim
726 1845 792 1912 deri
816 1848 907 1928 solet,
931 1847 1014 1911 utin
1035 1866 1153 1929 graeca
1174 1847 1290 1931 lingua
1312 1849 1377 1914 sim·

253 1946 353 2030 plioes
374 1947 545 2013 verborum
573 1946 689 2029 stirpes
717 1945 821 2010 vocali
844 1969 859 2009 ε
883 1944 995 2010 addita
1017 1942 1254 2029 amplificentur
1274 1946 1377 2031 itaque

253 2044 287 2109 in
310 2044 565 2126 coniugationem
588 2043 757 2109 verborum
780 2049 1014 2108 contractorum
1035 2049 1212 2109 transeant.
1244 2044 1295 2110 De
1315 2049 1377 2109 tota

254 2161 289 2208 re
311 2141 350 2207 ef.
374 2141 501 2208 Onrtins
524 2141 611 2206 verb
635 2142 743 2224 Ieap.
766 2140 831 2205 XII
858 2139 1035 2219 „dl-Oiasso
1056 2139 1123 2206 und
1145 2141 1376 2218 verwandtes‘fi

254 2240 316 2306 Per
338 2259 373 2306 se
395 2239 532 2305 autem'
525 2258 631 2322 ipsum
659 2238 779 2321 patet
770 2259 805 2304 ιιι
831 2238 926 2304 huius
947 2238 1076 2321 generis
1103 2238 1214 2304 formis
1237 2240 1376 2306 vocalem

254 2362 274 2422 η
299 2356 340 2402 ne
362 2337 404 2402 ab
426 2338 535 2403 aeolo·
537 2335 652 2402 doricis
675 2335 803 2418 quidem
826 2335 972 2402 dialectis
995 2347 1066 2402 esse
1079 2335 1233 2402 alienam.
1267 2338 1377 2404 Exem-

253 2434 310 2519 pla
332 2442 420 2501 sunt:
444 2439 665 2521 γεγενημένος
687 2434 806 2500 heracl.
825 2433 925 2516 1120
948 2432 1098 2520 γενήθην
1120 2433 1199 2500 lesb.
1224 2434 1315 2500 Oum.
1333 2440 1375 2516 11,

129 2523 145 2538 ⁶
252 2537 462 2620 γεγένησθαι
484 2533 552 2599 Alo.
577 2537 628 2615 45,
657 2532 696 2597 ef.
719 2531 796 2597 Ahr.
819 2530 853 2597 II
879 2535 955 2613 150,
985 2529 1167 2615 ἐκελήσατο
1191 2533 1307 2616 Epieh.
1329 2535 1375 2612 48,

254 2629 423 2719 ἐθελήσω,
453 2628 618 2718 πιθήσας,
647 2629 779 2714 μέλημα
808 2628 901 2694 Pind.
924 2581 984 2695 elo.
1030 2629 1115 2694 Raro
1142 2628 1273 2718 quidem
1296 2628 1376 2714 apud

253 2730 424 2815 scriptores
445 2729 480 2794 in
502 2729 571 2794 istis
594 2747 719 2811 quoque
741 2726 850 2793 formis
873 2731 895 2790 ἃ
916 2726 1042 2810 legitur,
1066 2745 1094 2791 e.
1110 2746 1140 2809 g.
1161 2730 1375 2811 μεμενᾶμέκας

253 2827 345 2892 Pina
369 2826 406 2894 Ο.
431 2827 549 2909 11153,
578 2829 750 2908 μεμέκᾶκα
770 2823 911 2889 Archim.
956 2823 1086 2890 Scilicet
1107 2824 1288 2892 Abrensius
1310 2845 1376 2891 oon-

220 2991 223 3014 ,
253 2923 322 2989 fidit
344 2945 384 2991 ea
398 2942 469 2991 esse
490 2923 714 3009 hyperdorloa,
737 2941 797 3004 ego
820 2921 941 2988 maiore
962 2921 1014 2986 hic
1036 2941 1117 3005 opus
1140 2942 1212 2989 esse
1234 2922 1374 2988 cautione

253 3021 417 3104 existimo;
440 3041 515 3086 nam
537 3021 675 3105 primum
698 3019 819 3085 vocalis
834 3041 856 3082 α
872 3018 985 3086 eodem
1007 3040 1140 3086 munere
1162 3039 1264 3103 saepe
1285 3026 1373 3102 atquc

157 3117 161 3123 '
254 3118 435 3200 einngitur
456 3117 507 3194 (ci.
524 3117 652 3184 Curtius
669 3118 757 3183 verb.
773 3116 952 3200 IAnbang
966 3137 1021 3181 zur
1036 3118 1076 3183 E·
1080 3116 1201 3200 (llasso,
1225 3112 1315 3182 oi.‘
1281 3104 1373 3198 εαρλ-

253 3238 356 3297 κομεν
379 3220 454 3281 oret.
432 3214 552 3282 t.Ven
568 3219 619 3280 71.
654 3214 837 3298 Bergmann
860 3213 931 3280 de
923 3234 1017 3281 mser.
1033 3220 1108 3281 oret.
1086 3217 1241 3280 t21860
1259 3207 1369 3299 εὗραν)

253 3310 371 3378 deinde
393 3311 477 3378 infra
499 3313 596 3380 etiam
619 3314 713 3397 plura
734 3312 892 3379 veteris
873 3335 895 3376 α
916 3313 1054 3397 vestigia
1073 3332 1294 3395 agnoscemus.

337 3409 429 3476 Idem
461 3409 638 3478 Abrensins
671 3410 718 3483 (ΙΙ
752 3413 823 3487 132)
855 3406 1025 3476 verborum
1058 3408 1170 3494 βάλλω
1205 3417 1239 3476 et
1271 3408 1367 3474 καλέω

251 3509 370 3575 formas
399 3508 579 3596 (βέβλημαι
607 3509 676 3576 Ale.
703 3514 757 3594 15,
790 3507 944 3594 κάβλημα
974 3509 1033 3574 lae.
1062 3509 1148 3591 Hes,
1182 3503 1366 3590 κατακλήτω

251 3606 371 3673 heracl.
394 3607 411 3670 I
434 3612 484 3673 41.
508 3607 541 3671 ΙΙ
566 3612 614 3690 10,
637 3603 809 3693 Εὔκλητος
830 3606 891 3672 lac.
917 3605 953 3671 Ο.
974 3606 999 3672 I.
1022 3628 1069 3690 gr.
1096 3610 1188 3688 1247,
1218 3604 1365 3690 ἐκκλησία

252 3724 339 3788 saep.
363 3703 551 3791 κέκληνται,
574 3704 774 3790 κεκλημένοι
795 3703 902 3780 Pind.)
925 3728 944 3791 η
968 3704 1159 3771 exhibentes
1176 3728 1192 3769 e
1212 3700 1299 3786 stirpi
1318 3697 1365 3765 ad·

253 3800 319 3867 dito
335 3807 428 3868 natas
444 3821 514 3868 esse
528 3800 658 3868 iudicat.
688 3801 826 3884 „Quare²
848 3801 962 3884 inquit,
984 3799 1048 3889 βλη
1066 3802 1173 3888 α1κλη
1198 3821 1263 3867 non
1277 3807 1365 3865 bans·

252 3899 411 3979 positione
433 3919 451 3966 e
472 3901 537 3983 βαλ
566 3906 598 3967 et
619 3900 690 3980 καλ,
723 3898 781 3966 sed
810 3919 952 3985 syncopa
980 3919 998 3967 e
1025 3897 1112 3986 βαλη
1138 3906 1170 3966 et
1198 3898 1364 3984 ratperta
1468 3967 1469 3982 η

252 4011 323 4060 esse
344 3995 525 4063 videntur.“
