<?xml version="1.0" encoding="UTF-8"?>
<!DOCTYPE html PUBLIC "-//W3C//DTD XHTML 1.0 Transitional//EN"
    "http://www.w3.org/TR/xhtml1/DTD/xhtml1-transitional.dtd">
<html xmlns="http://www.w3.org/1999/xhtml" xml:lang="en" lang="en">
 <head>
  <title>
</title>
<meta http-equiv="Content-Type" content="text/html;charset=utf-8" />
  <meta name='ocr-system' content='tesseract 3.04.00' />
  <meta name='ocr-capabilities' content='ocr_page ocr_carea ocr_par ocr_line ocrx_word'/>
</head>
<body>
  <div class='ocr_page' id='page_1' title='image "./studienzurgriec01vanigoog_0350.png"; bbox 0 0 2968 4866; ppageno 0'>
   <div class='ocr_carea' id='block_1_1' title="bbox 112 420 927 508">
    <p class='ocr_par' dir='ltr' id='par_1_1' title="bbox 112 420 927 508">
     <span class='ocr_line' id='line_1_1' title="bbox 112 420 927 508; baseline 0.005 -20"><span class='ocrx_word' id='word_1_1' title='bbox 112 479 113 488; x_wconf 69' lang='grc'>,</span> <span class='ocrx_word' id='word_1_2' title='bbox 226 437 289 501; x_wconf 81' lang='grc'><strong>338</strong></span> <span class='ocrx_word' id='word_1_3' title='bbox 740 437 832 508; x_wconf 83' lang='lat' dir='ltr'><strong>Spiess</strong></span> <span class='ocrx_word' id='word_1_4' title='bbox 921 420 927 424; x_wconf 45' lang='lat'>⁵</span> 
     </span>
    </p>
   </div>
   <div class='ocr_carea' id='block_1_2' title="bbox 150 596 1363 1568">
    <p class='ocr_par' dir='ltr' id='par_1_2' title="bbox 150 596 1363 1568">
     <span class='ocr_line' id='line_1_2' title="bbox 227 596 1355 697; baseline -0.004 -18"><span class='ocrx_word' id='word_1_5' title='bbox 227 613 349 697; x_wconf 78' lang='lat' dir='ltr'><strong>quitata</strong></span> <span class='ocrx_word' id='word_1_6' title='bbox 370 611 412 676; x_wconf 88' lang='lat' dir='ltr'><strong>ad</strong></span> <span class='ocrx_word' id='word_1_7' title='bbox 434 629 494 678; x_wconf 88' lang='lat' dir='ltr'><strong>nos</strong></span> <span class='ocrx_word' id='word_1_8' title='bbox 516 608 706 693; x_wconf 88' lang='lat' dir='ltr'><strong>pervenerit,</strong></span> <span class='ocrx_word' id='word_1_9' title='bbox 719 605 802 674; x_wconf 83' lang='lat' dir='ltr'><strong>&#39;eum</strong></span> <span class='ocrx_word' id='word_1_10' title='bbox 825 607 984 675; x_wconf 86' lang='lat' dir='ltr'><strong>inferioris</strong></span> <span class='ocrx_word' id='word_1_11' title='bbox 1006 596 1104 675; x_wconf 70' lang='lat' dir='ltr'><strong>noted</strong></span> <span class='ocrx_word' id='word_1_12' title='bbox 1126 607 1355 692; x_wconf 77' lang='lat' dir='ltr'><strong>manuscriptis</strong></span> 
     </span>
     <span class='ocr_line' id='line_1_3' title="bbox 227 704 1355 789; baseline -0.005 -11"><span class='ocrx_word' id='word_1_13' title='bbox 227 729 270 778; x_wconf 87' lang='lat' dir='ltr'><strong>ne</strong></span> <span class='ocrx_word' id='word_1_14' title='bbox 298 707 590 776; x_wconf 84' lang='lat' dir='ltr'><strong>Alexandrinorum</strong></span> <span class='ocrx_word' id='word_1_15' title='bbox 619 704 748 788; x_wconf 88' lang='lat' dir='ltr'><strong>quidem</strong></span> <span class='ocrx_word' id='word_1_16' title='bbox 776 711 920 789; x_wconf 89' lang='lat' dir='ltr'><strong>tempore</strong></span> <span class='ocrx_word' id='word_1_17' title='bbox 948 725 1100 789; x_wconf 86' lang='lat' dir='ltr'><strong>magnam</strong></span> <span class='ocrx_word' id='word_1_18' title='bbox 1131 704 1228 772; x_wconf 89' lang='lat' dir='ltr'><strong>fidem</strong></span> <span class='ocrx_word' id='word_1_19' title='bbox 1258 705 1355 772; x_wconf 83' lang='lat' dir='ltr'><strong>fuisso</strong></span> 
     </span>
     <span class='ocr_line' id='line_1_4' title="bbox 229 802 1358 886; baseline -0.007 -10"><span class='ocrx_word' id='word_1_20' title='bbox 229 816 261 876; x_wconf 89' lang='lat' dir='ltr'><strong>et</strong></span> <span class='ocrx_word' id='word_1_21' title='bbox 284 807 364 874; x_wconf 89' lang='lat' dir='ltr'><strong>ratio</strong></span> <span class='ocrx_word' id='word_1_22' title='bbox 387 805 502 871; x_wconf 87' lang='lat' dir='ltr'><strong>doceat</strong></span> <span class='ocrx_word' id='word_1_23' title='bbox 524 810 556 870; x_wconf 91' lang='lat' dir='ltr'><strong>et</strong></span> <span class='ocrx_word' id='word_1_24' title='bbox 577 802 721 885; x_wconf 87' lang='lat' dir='ltr'><strong>reliquae</strong></span> <span class='ocrx_word' id='word_1_25' title='bbox 743 803 886 885; x_wconf 86' lang='lat' dir='ltr'><strong>chartae,</strong></span> <span class='ocrx_word' id='word_1_26' title='bbox 911 822 994 886; x_wconf 90' lang='lat' dir='ltr'><strong>quae</strong></span> <span class='ocrx_word' id='word_1_27' title='bbox 1015 822 1057 869; x_wconf 85' lang='lat' dir='ltr'><strong>ex</strong></span> <span class='ocrx_word' id='word_1_28' title='bbox 1078 803 1273 885; x_wconf 77' lang='lat' dir='ltr'>antiquitate</span> <span class='ocrx_word' id='word_1_29' title='bbox 1295 823 1358 870; x_wconf 90' lang='lat' dir='ltr'><strong>ser·</strong></span> 
     </span>
     <span class='ocr_line' id='line_1_5' title="bbox 228 899 1356 984; baseline -0.003 -13"><span class='ocrx_word' id='word_1_30' title='bbox 228 910 326 972; x_wconf 81' lang='lat' dir='ltr'><strong>ratae</strong></span> <span class='ocrx_word' id='word_1_31' title='bbox 347 909 422 969; x_wconf 85' lang='lat' dir='ltr'><strong>suut</strong></span> <span class='ocrx_word' id='word_1_32' title='bbox 449 901 487 968; x_wconf 88' lang='lat' dir='ltr'><strong>ot</strong></span> <span class='ocrx_word' id='word_1_33' title='bbox 512 901 620 982; x_wconf 82' lang='lat' dir='ltr'>Bergk</span> <span class='ocrx_word' id='word_1_34' title='bbox 643 899 726 984; x_wconf 83' lang='lat' dir='ltr'><strong>Litg.</strong></span> <span class='ocrx_word' id='word_1_35' title='bbox 750 903 822 966; x_wconf 82' lang='lat'><strong>238.</strong></span> <span class='ocrx_word' id='word_1_36' title='bbox 851 935 892 946; x_wconf 90' lang='lat'><em>-</em></span> <span class='ocrx_word' id='word_1_37' title='bbox 922 900 1080 966; x_wconf 74' lang='lat' dir='ltr'><strong>Videntur</strong></span> <span class='ocrx_word' id='word_1_38' title='bbox 1101 900 1269 968; x_wconf 89' lang='lat' dir='ltr'><strong>Alcmanis</strong></span> <span class='ocrx_word' id='word_1_39' title='bbox 1291 921 1356 968; x_wconf 89' lang='lat' dir='ltr'><strong>car-</strong></span> 
     </span>
     <span class='ocr_line' id='line_1_6' title="bbox 229 997 1357 1085; baseline -0.004 -17"><span class='ocrx_word' id='word_1_40' title='bbox 229 1002 318 1068; x_wconf 88' lang='lat' dir='ltr'><strong>mina</strong></span> <span class='ocrx_word' id='word_1_41' title='bbox 340 999 516 1085; x_wconf 91' lang='lat' dir='ltr'><strong>posteriore</strong></span> <span class='ocrx_word' id='word_1_42' title='bbox 537 1004 681 1080; x_wconf 90' lang='lat' dir='ltr'><strong>tempore</strong></span> <span class='ocrx_word' id='word_1_43' title='bbox 695 997 774 1064; x_wconf 89' lang='lat' dir='ltr'><strong>satis</strong></span> <span class='ocrx_word' id='word_1_44' title='bbox 795 1004 888 1080; x_wconf 84' lang='lat' dir='ltr'><strong>grata</strong></span> <span class='ocrx_word' id='word_1_45' title='bbox 903 997 1003 1064; x_wconf 83' lang='lat' dir='ltr'><strong>fuisse</strong></span> <span class='ocrx_word' id='word_1_46' title='bbox 1018 1017 1193 1080; x_wconf 85' lang='lat' dir='ltr'><strong>eorumque</strong></span> <span class='ocrx_word' id='word_1_47' title='bbox 1216 998 1357 1064; x_wconf 91' lang='lat' dir='ltr'><strong>studium</strong></span> 
     </span>
     <span class='ocr_line' id='line_1_7' title="bbox 229 1094 1359 1187; baseline -0.001 -23"><span class='ocrx_word' id='word_1_48' title='bbox 229 1097 454 1186; x_wconf 75' lang='lat' dir='ltr'><strong>grammaticos</strong></span> <span class='ocrx_word' id='word_1_49' title='bbox 482 1095 580 1160; x_wconf 89' lang='lat' dir='ltr'><strong>valde</strong></span> <span class='ocrx_word' id='word_1_50' title='bbox 609 1095 798 1187; x_wconf 84' lang='lat' dir='ltr'><strong>oblectasse.</strong></span> <span class='ocrx_word' id='word_1_51' title='bbox 842 1095 987 1161; x_wconf 80' lang='lat' dir='ltr'><strong>Sosibius</strong></span> <span class='ocrx_word' id='word_1_52' title='bbox 1016 1101 1048 1162; x_wconf 86' lang='lat' dir='ltr'><strong>ot</strong></span> <span class='ocrx_word' id='word_1_53' title='bbox 1075 1094 1291 1162; x_wconf 68' lang='lat' dir='ltr'><strong>Philochorus</strong></span> <span class='ocrx_word' id='word_1_54' title='bbox 1319 1096 1359 1164; x_wconf 92' lang='lat' dir='ltr'><strong>de</strong></span> 
     </span>
     <span class='ocr_line' id='line_1_8' title="bbox 228 1191 1360 1277; baseline -0.004 -14"><span class='ocrx_word' id='word_1_55' title='bbox 228 1197 386 1264; x_wconf 87' lang='lat' dir='ltr'><strong>Alcmana</strong></span> <span class='ocrx_word' id='word_1_56' title='bbox 415 1193 580 1277; x_wconf 84' lang='lat' dir='ltr'><strong>scripsisse</strong></span> <span class='ocrx_word' id='word_1_57' title='bbox 610 1191 790 1257; x_wconf 84' lang='lat' dir='ltr'><strong>traduntur.</strong></span> <span class='ocrx_word' id='word_1_58' title='bbox 834 1193 1022 1275; x_wconf 84' lang='lat' dir='ltr'><strong>Antiquiore</strong></span> <span class='ocrx_word' id='word_1_59' title='bbox 1043 1198 1151 1259; x_wconf 90' lang='lat' dir='ltr'><strong>aetate</strong></span> <span class='ocrx_word' id='word_1_60' title='bbox 1174 1211 1248 1260; x_wconf 88' lang='lat' dir='ltr'><strong>eum</strong></span> <span class='ocrx_word' id='word_1_61' title='bbox 1272 1193 1360 1277; x_wconf 91' lang='lat' dir='ltr'><strong>apud</strong></span> 
     </span>
     <span class='ocr_line' id='line_1_9' title="bbox 229 1288 1362 1374; baseline -0.004 -14"><span class='ocrx_word' id='word_1_62' title='bbox 229 1294 376 1360; x_wconf 88' lang='lat' dir='ltr'><strong>Lacones</strong></span> <span class='ocrx_word' id='word_1_63' title='bbox 408 1290 581 1374; x_wconf 90' lang='lat' dir='ltr'><strong>praecipue</strong></span> <span class='ocrx_word' id='word_1_64' title='bbox 613 1295 723 1353; x_wconf 89' lang='lat' dir='ltr'><strong>notum</strong></span> <span class='ocrx_word' id='word_1_65' title='bbox 756 1288 855 1356; x_wconf 86' lang='lat' dir='ltr'><strong>luisse</strong></span> <span class='ocrx_word' id='word_1_66' title='bbox 884 1290 952 1356; x_wconf 84' lang='lat' dir='ltr'><strong>veri</strong></span> <span class='ocrx_word' id='word_1_67' title='bbox 981 1296 1030 1357; x_wconf 88' lang='lat' dir='ltr'><strong>est</strong></span> <span class='ocrx_word' id='word_1_68' title='bbox 1061 1289 1167 1356; x_wconf 91' lang='lat' dir='ltr'><strong>simile</strong></span> <span class='ocrx_word' id='word_1_69' title='bbox 1201 1296 1235 1356; x_wconf 89' lang='lat' dir='ltr'><strong>et</strong></span> <span class='ocrx_word' id='word_1_70' title='bbox 1252 1290 1362 1358; x_wconf 91' lang='lat' dir='ltr'><strong>-docet</strong></span> 
     </span>
     <span class='ocr_line' id='line_1_10' title="bbox 150 1384 1362 1473; baseline -0.005 -15"><span class='ocrx_word' id='word_1_71' title='bbox 150 1426 157 1441; x_wconf 54' lang='grc' dir='ltr'><strong><em>ι</em></strong></span> <span class='ocrx_word' id='word_1_72' title='bbox 228 1390 416 1458; x_wconf 81' lang='lat' dir='ltr'><strong>Athenaeus</strong></span> <span class='ocrx_word' id='word_1_73' title='bbox 445 1386 507 1452; x_wconf 86' lang='lat' dir='ltr'><strong>XV</strong></span> <span class='ocrx_word' id='word_1_74' title='bbox 538 1388 599 1450; x_wconf 79' lang='grc'><strong>678</strong></span> <span class='ocrx_word' id='word_1_75' title='bbox 623 1384 648 1452; x_wconf 83' lang='lat' dir='ltr'>O</span> <span class='ocrx_word' id='word_1_76' title='bbox 676 1385 819 1452; x_wconf 89' lang='lat' dir='ltr'><strong>carmina</strong></span> <span class='ocrx_word' id='word_1_77' title='bbox 847 1387 917 1471; x_wconf 92' lang='lat' dir='ltr'><strong>ejus</strong></span> <span class='ocrx_word' id='word_1_78' title='bbox 944 1387 977 1452; x_wconf 93' lang='lat' dir='ltr'><strong>in</strong></span> <span class='ocrx_word' id='word_1_79' title='bbox 1007 1386 1259 1473; x_wconf 85' lang='lat' dir='ltr'><strong>gymnopaediis</strong></span> <span class='ocrx_word' id='word_1_80' title='bbox 1289 1389 1362 1455; x_wconf 87' lang='lat' dir='ltr'><strong>cani</strong></span> 
     </span>
     <span class='ocr_line' id='line_1_11' title="bbox 231 1482 1363 1568; baseline -0.002 -14"><span class='ocrx_word' id='word_1_81' title='bbox 231 1487 326 1555; x_wconf 89' lang='lat' dir='ltr'><strong>solita</strong></span> <span class='ocrx_word' id='word_1_82' title='bbox 354 1503 443 1567; x_wconf 85' lang='lat' dir='ltr'><strong>esse;</strong></span> <span class='ocrx_word' id='word_1_83' title='bbox 472 1482 530 1550; x_wconf 89' lang='lat' dir='ltr'><strong>sed</strong></span> <span class='ocrx_word' id='word_1_84' title='bbox 559 1503 617 1566; x_wconf 92' lang='lat' dir='ltr'><strong>per</strong></span> <span class='ocrx_word' id='word_1_85' title='bbox 642 1489 741 1548; x_wconf 84' lang='lat' dir='ltr'><strong>iotam</strong></span> <span class='ocrx_word' id='word_1_86' title='bbox 765 1483 933 1552; x_wconf 80' lang='lat' dir='ltr'><strong>Graeciam</strong></span> <span class='ocrx_word' id='word_1_87' title='bbox 957 1503 997 1550; x_wconf 88' lang='lat' dir='ltr'><strong>ea</strong></span> <span class='ocrx_word' id='word_1_88' title='bbox 1018 1485 1152 1568; x_wconf 83' lang='lat' dir='ltr'><strong>vulgata</strong></span> <span class='ocrx_word' id='word_1_89' title='bbox 1173 1484 1276 1552; x_wconf 89' lang='lat' dir='ltr'><strong>inisse</strong></span> <span class='ocrx_word' id='word_1_90' title='bbox 1297 1504 1363 1552; x_wconf 90' lang='lat' dir='ltr'><strong>cre-</strong></span> 
     </span>
    </p>
   </div>
   <div class='ocr_carea' id='block_1_3' title="bbox 180 1580 1366 2154">
    <p class='ocr_par' dir='ltr' id='par_1_3' title="bbox 180 1580 1366 2154">
     <span class='ocr_line' id='line_1_12' title="bbox 231 1580 1364 1665; baseline -0.003 -15"><span class='ocrx_word' id='word_1_91' title='bbox 231 1582 383 1664; x_wconf 90' lang='lat' dir='ltr'><strong>diderim,</strong></span> <span class='ocrx_word' id='word_1_92' title='bbox 422 1589 506 1648; x_wconf 86' lang='lat' dir='ltr'><strong>certe</strong></span> <span class='ocrx_word' id='word_1_93' title='bbox 539 1580 677 1646; x_wconf 81' lang='lat' dir='ltr'><strong>Athenis</strong></span> <span class='ocrx_word' id='word_1_94' title='bbox 709 1581 931 1665; x_wconf 86' lang='lat' dir='ltr'><strong>Aristophanis</strong></span> <span class='ocrx_word' id='word_1_95' title='bbox 963 1582 1075 1648; x_wconf 90' lang='lat' dir='ltr'><strong>comici</strong></span> <span class='ocrx_word' id='word_1_96' title='bbox 1108 1588 1219 1648; x_wconf 86' lang='lat' dir='ltr'><strong>aetate</strong></span> <span class='ocrx_word' id='word_1_97' title='bbox 1253 1603 1364 1650; x_wconf 90' lang='lat' dir='ltr'><strong>eorum</strong></span> 
     </span>
     <span class='ocr_line' id='line_1_13' title="bbox 231 1678 1362 1764; baseline -0.004 -16"><span class='ocrx_word' id='word_1_98' title='bbox 231 1680 371 1764; x_wconf 85' lang='lat' dir='ltr'><strong>cognitio</strong></span> <span class='ocrx_word' id='word_1_99' title='bbox 386 1679 483 1746; x_wconf 88' lang='lat' dir='ltr'><strong>latius</strong></span> <span class='ocrx_word' id='word_1_100' title='bbox 497 1679 638 1762; x_wconf 88' lang='lat' dir='ltr'><strong>patebat,</strong></span> <span class='ocrx_word' id='word_1_101' title='bbox 655 1678 682 1745; x_wconf 90' lang='lat' dir='ltr'><strong>si</strong></span> <span class='ocrx_word' id='word_1_102' title='bbox 697 1683 784 1744; x_wconf 87' lang='lat' dir='ltr'><strong>reete</strong></span> <span class='ocrx_word' id='word_1_103' title='bbox 796 1679 904 1762; x_wconf 84' lang='lat' dir='ltr'><strong>Bergk</strong></span> <span class='ocrx_word' id='word_1_104' title='bbox 920 1679 1058 1762; x_wconf 86' lang='lat' dir='ltr'><strong>conjecit</strong></span> <span class='ocrx_word' id='word_1_105' title='bbox 1070 1679 1164 1744; x_wconf 93' lang='lat' dir='ltr'><strong>illum</strong></span> <span class='ocrx_word' id='word_1_106' title='bbox 1179 1681 1242 1745; x_wconf 89' lang='lat' dir='ltr'><strong>Av.</strong></span> <span class='ocrx_word' id='word_1_107' title='bbox 1256 1701 1287 1745; x_wconf 85' lang='lat' dir='ltr'><strong>v.</strong></span> <span class='ocrx_word' id='word_1_108' title='bbox 1301 1684 1362 1744; x_wconf 86' lang='grc'><strong>251</strong></span> 
     </span>
     <span class='ocr_line' id='line_1_14' title="bbox 232 1770 1366 1864; baseline -0.001 -20"><span class='ocrx_word' id='word_1_109' title='bbox 232 1771 278 1844; x_wconf 83' lang='grc' dir='ltr'><strong>ὧν</strong></span> <span class='ocrx_word' id='word_1_110' title='bbox 301 1774 334 1842; x_wconf 77' lang='grc' dir='ltr'><strong>τ’</strong></span> <span class='ocrx_word' id='word_1_111' title='bbox 359 1775 418 1846; x_wconf 72' lang='grc' dir='ltr'><strong>ἐπὶ</strong></span> <span class='ocrx_word' id='word_1_112' title='bbox 441 1774 588 1859; x_wconf 77' lang='grc' dir='ltr'><strong><em>κύματος</em></strong></span> <span class='ocrx_word' id='word_1_113' title='bbox 611 1770 715 1856; x_wconf 82' lang='grc' dir='ltr'><strong><em>οἶδμα</em></strong></span> <span class='ocrx_word' id='word_1_114' title='bbox 732 1773 912 1863; x_wconf 77' lang='grc' dir='ltr'><em>θαλάσσης</em></span> <span class='ocrx_word' id='word_1_115' title='bbox 935 1776 1025 1864; x_wconf 85' lang='grc' dir='ltr'><strong><em>φῦλα</em></strong></span> <span class='ocrx_word' id='word_1_116' title='bbox 1046 1770 1129 1859; x_wconf 75' lang='grc' dir='ltr'><strong>μεθ’</strong></span> <span class='ocrx_word' id='word_1_117' title='bbox 1155 1773 1366 1843; x_wconf 83' lang='grc' dir='ltr'><strong><em>ἆλκοόνεσσι</em></strong></span> 
     </span>
     <span class='ocr_line' id='line_1_15' title="bbox 232 1872 1366 1962; baseline -0.002 -20"><span class='ocrx_word' id='word_1_118' title='bbox 232 1881 379 1962; x_wconf 78' lang='grc' dir='ltr'><strong><em>ποτῆται</em></strong></span> <span class='ocrx_word' id='word_1_119' title='bbox 406 1872 464 1952; x_wconf 86' lang='lat' dir='ltr'><strong>(sic</strong></span> <span class='ocrx_word' id='word_1_120' title='bbox 493 1872 697 1941; x_wconf 89' lang='lat' dir='ltr'><strong>scribendum</strong></span> <span class='ocrx_word' id='word_1_121' title='bbox 724 1891 794 1940; x_wconf 90' lang='lat' dir='ltr'><strong>esse</strong></span> <span class='ocrx_word' id='word_1_122' title='bbox 825 1895 882 1958; x_wconf 91' lang='lat' dir='ltr'><strong>pro</strong></span> <span class='ocrx_word' id='word_1_123' title='bbox 911 1873 1055 1940; x_wconf 84' lang='lat' dir='ltr'><strong>codicum</strong></span> <span class='ocrx_word' id='word_1_124' title='bbox 1078 1880 1230 1940; x_wconf 75' lang='grc' dir='ltr'><strong><em>ποτᾶται</em></strong></span> <span class='ocrx_word' id='word_1_125' title='bbox 1253 1876 1366 1958; x_wconf 86' lang='lat' dir='ltr'><strong>Bergk</strong></span> 
     </span>
     <span class='ocr_line' id='line_1_16' title="bbox 180 1963 1366 2054; baseline -0.003 -13"><span class='ocrx_word' id='word_1_126' title='bbox 180 2023 185 2028; x_wconf 84' lang='lat'>-</span> <span class='ocrx_word' id='word_1_127' title='bbox 232 1994 251 2041; x_wconf 92' lang='lat' dir='ltr'><strong>e</strong></span> <span class='ocrx_word' id='word_1_128' title='bbox 274 1973 403 2040; x_wconf 89' lang='lat' dir='ltr'><strong>scholiis</strong></span> <span class='ocrx_word' id='word_1_129' title='bbox 426 1969 640 2046; x_wconf 81' lang='lat' dir='ltr'><strong>sommendat)</strong></span> <span class='ocrx_word' id='word_1_130' title='bbox 664 1970 828 2037; x_wconf 84' lang='lat' dir='ltr'><strong>Alcmanis</strong></span> <span class='ocrx_word' id='word_1_131' title='bbox 851 1971 887 2036; x_wconf 88' lang='lat' dir='ltr'><strong>ir.</strong></span> <span class='ocrx_word' id='word_1_132' title='bbox 905 1974 990 2036; x_wconf 81' lang='grc'><strong>264</strong></span> <span class='ocrx_word' id='word_1_133' title='bbox 1014 1967 1052 2048; x_wconf 77' lang='grc' dir='ltr'><strong>ὅς</strong></span> <span class='ocrx_word' id='word_1_134' title='bbox 1073 1963 1106 2035; x_wconf 81' lang='lat' dir='ltr'><strong>r&#39;</strong></span> <span class='ocrx_word' id='word_1_135' title='bbox 1128 1969 1189 2038; x_wconf 81' lang='grc' dir='ltr'><strong>ἐπὶ</strong></span> <span class='ocrx_word' id='word_1_136' title='bbox 1212 1969 1366 2054; x_wconf 79' lang='grc' dir='ltr'><strong><em>κύματος</em></strong></span> 
     </span>
     <span class='ocr_line' id='line_1_17' title="bbox 234 2063 1136 2154; baseline 0 -18"><span class='ocrx_word' id='word_1_137' title='bbox 234 2067 343 2148; x_wconf 70' lang='grc' dir='ltr'><strong><em>ἄνθος</em></strong></span> <span class='ocrx_word' id='word_1_138' title='bbox 366 2065 427 2151; x_wconf 77' lang='grc' dir='ltr'><strong>ἅμ’</strong></span> <span class='ocrx_word' id='word_1_139' title='bbox 453 2063 655 2134; x_wconf 79' lang='grc' dir='ltr'><strong><em>ἀλκυόνεσσι</em></strong></span> <span class='ocrx_word' id='word_1_140' title='bbox 678 2074 824 2154; x_wconf 80' lang='grc' dir='ltr'><strong><em>ποτῆται</em></strong></span> <span class='ocrx_word' id='word_1_141' title='bbox 846 2068 964 2134; x_wconf 83' lang='lat' dir='ltr'><strong>imitari</strong></span> <span class='ocrx_word' id='word_1_142' title='bbox 986 2069 1136 2136; x_wconf 84' lang='lat' dir='ltr'><strong>voluisse.</strong></span> 
     </span>
    </p>
   </div>
   <div class='ocr_carea' id='block_1_4' title="bbox 233 2293 1374 2383">
    <p class='ocr_par' dir='ltr' id='par_1_4' title="bbox 233 2293 1374 2383">
     <span class='ocr_line' id='line_1_18' title="bbox 233 2293 1374 2383; baseline 0.003 -23"><span class='ocrx_word' id='word_1_143' title='bbox 233 2301 306 2380; x_wconf 67' lang='lat' dir='ltr'><strong>§A</strong></span> <span class='ocrx_word' id='word_1_144' title='bbox 351 2297 605 2362; x_wconf 85' lang='lat' dir='ltr'><strong>Testimonia</strong></span> <span class='ocrx_word' id='word_1_145' title='bbox 638 2302 820 2362; x_wconf 84' lang='lat' dir='ltr'><strong>veterum</strong></span> <span class='ocrx_word' id='word_1_146' title='bbox 850 2295 897 2362; x_wconf 93' lang='lat' dir='ltr'><strong>de</strong></span> <span class='ocrx_word' id='word_1_147' title='bbox 925 2293 1135 2362; x_wconf 87' lang='lat' dir='ltr'><strong>Alcmanis</strong></span> <span class='ocrx_word' id='word_1_148' title='bbox 1165 2296 1374 2383; x_wconf 44' lang='lat' dir='ltr'><strong>dialecto,</strong></span> 
     </span>
    </p>
   </div>
   <div class='ocr_carea' id='block_1_5' title="bbox 233 2431 1370 2710">
    <p class='ocr_par' dir='ltr' id='par_1_5' title="bbox 233 2431 1370 2710">
     <span class='ocr_line' id='line_1_19' title="bbox 319 2431 1369 2515; baseline -0.002 -15"><span class='ocrx_word' id='word_1_149' title='bbox 319 2431 391 2500; x_wconf 90' lang='lat' dir='ltr'><strong>Jam</strong></span> <span class='ocrx_word' id='word_1_150' title='bbox 425 2438 550 2511; x_wconf 83' lang='lat' dir='ltr'><strong>veteres</strong></span> <span class='ocrx_word' id='word_1_151' title='bbox 583 2431 623 2496; x_wconf 96' lang='lat' dir='ltr'><strong>de</strong></span> <span class='ocrx_word' id='word_1_152' title='bbox 651 2439 817 2515; x_wconf 86' lang='lat' dir='ltr'><strong>poetarum</strong></span> <span class='ocrx_word' id='word_1_153' title='bbox 848 2432 993 2498; x_wconf 88' lang='lat' dir='ltr'><strong>dialectis</strong></span> <span class='ocrx_word' id='word_1_154' title='bbox 1021 2433 1200 2498; x_wconf 85' lang='lat' dir='ltr'><strong>accuratius</strong></span> <span class='ocrx_word' id='word_1_155' title='bbox 1231 2451 1369 2515; x_wconf 86' lang='lat' dir='ltr'><strong>quaere·</strong></span> 
     </span>
     <span class='ocr_line' id='line_1_20' title="bbox 233 2528 1369 2622; baseline 0 -25"><span class='ocrx_word' id='word_1_156' title='bbox 233 2529 359 2612; x_wconf 85' lang='lat' dir='ltr'><strong>bant⁸)‚</strong></span> <span class='ocrx_word' id='word_1_157' title='bbox 393 2530 446 2614; x_wconf 90' lang='lat' dir='ltr'><strong>qui</strong></span> <span class='ocrx_word' id='word_1_158' title='bbox 475 2548 669 2612; x_wconf 90' lang='lat' dir='ltr'><strong>quamquam</strong></span> <span class='ocrx_word' id='word_1_159' title='bbox 698 2528 731 2593; x_wconf 93' lang='lat' dir='ltr'><strong>in</strong></span> <span class='ocrx_word' id='word_1_160' title='bbox 762 2529 850 2596; x_wconf 90' lang='lat' dir='ltr'><strong>hisce</strong></span> <span class='ocrx_word' id='word_1_161' title='bbox 880 2529 1121 2622; x_wconf 83' lang='lat' dir='ltr'><strong>quaestionibus</strong></span> <span class='ocrx_word' id='word_1_162' title='bbox 1153 2550 1220 2597; x_wconf 91' lang='lat' dir='ltr'><strong>non</strong></span> <span class='ocrx_word' id='word_1_163' title='bbox 1249 2531 1305 2595; x_wconf 90' lang='lat' dir='ltr'><strong>via</strong></span> <span class='ocrx_word' id='word_1_164' title='bbox 1335 2536 1369 2597; x_wconf 89' lang='lat' dir='ltr'><strong>et</strong></span> 
     </span>
     <span class='ocr_line' id='line_1_21' title="bbox 233 2627 1370 2710; baseline -0.004 -14"><span class='ocrx_word' id='word_1_165' title='bbox 233 2627 360 2696; x_wconf 89' lang='lat' dir='ltr'><strong>ratione</strong></span> <span class='ocrx_word' id='word_1_166' title='bbox 387 2627 623 2710; x_wconf 78' lang='lat' dir='ltr'><strong>procedebant,</strong></span> <span class='ocrx_word' id='word_1_167' title='bbox 652 2633 762 2692; x_wconf 91' lang='lat' dir='ltr'><strong>tamen</strong></span> <span class='ocrx_word' id='word_1_168' title='bbox 790 2628 936 2692; x_wconf 89' lang='lat' dir='ltr'><strong>notitiam</strong></span> <span class='ocrx_word' id='word_1_169' title='bbox 960 2627 1167 2694; x_wconf 90' lang='lat' dir='ltr'><strong>dialectorum</strong></span> <span class='ocrx_word' id='word_1_170' title='bbox 1197 2627 1370 2694; x_wconf 89' lang='lat' dir='ltr'><strong>habebant</strong></span> 
     </span>
    </p>
   </div>
   <div class='ocr_carea' id='block_1_6' title="bbox 234 2723 1483 2808">
    <p class='ocr_par' dir='ltr' id='par_1_6' title="bbox 234 2723 1483 2808">
     <span class='ocr_line' id='line_1_22' title="bbox 234 2723 1483 2808; baseline -0.018 -15"><span class='ocrx_word' id='word_1_171' title='bbox 234 2727 322 2793; x_wconf 89' lang='lat' dir='ltr'><strong>haud</strong></span> <span class='ocrx_word' id='word_1_172' title='bbox 351 2723 629 2792; x_wconf 88' lang='lat' dir='ltr'><strong>contemnendam.</strong></span> <span class='ocrx_word' id='word_1_173' title='bbox 675 2724 787 2808; x_wconf 90' lang='lat' dir='ltr'><strong>ltaque</strong></span> <span class='ocrx_word' id='word_1_174' title='bbox 816 2744 898 2807; x_wconf 84' lang='lat' dir='ltr'><strong>quae</strong></span> <span class='ocrx_word' id='word_1_175' title='bbox 932 2730 1042 2790; x_wconf 79' lang='lat' dir='ltr'><strong>extant</strong></span> <span class='ocrx_word' id='word_1_176' title='bbox 1075 2744 1183 2790; x_wconf 72' lang='lat' dir='ltr'><strong>eorum</strong></span> <span class='ocrx_word' id='word_1_177' title='bbox 1218 2724 1261 2791; x_wconf 69' lang='lat' dir='ltr'><strong>de</strong></span> <span class='ocrx_word' id='word_1_178' title='bbox 1292 2725 1369 2790; x_wconf 63' lang='lat' dir='ltr'><strong>Alo.</strong></span> <span class='ocrx_word' id='word_1_179' title='bbox 1482 2729 1483 2795; x_wconf 52' lang='lat' dir='ltr'><strong>p</strong></span> 
     </span>
    </p>
   </div>
   <div class='ocr_carea' id='block_1_7' title="bbox 234 2821 1369 3002">
    <p class='ocr_par' dir='ltr' id='par_1_7' title="bbox 234 2821 1369 3002">
     <span class='ocr_line' id='line_1_23' title="bbox 234 2821 1369 2904; baseline -0.001 -15"><span class='ocrx_word' id='word_1_180' title='bbox 234 2825 339 2889; x_wconf 86' lang='lat' dir='ltr'><strong>manis</strong></span> <span class='ocrx_word' id='word_1_181' title='bbox 361 2823 499 2888; x_wconf 89' lang='lat' dir='ltr'><strong>dialecto</strong></span> <span class='ocrx_word' id='word_1_182' title='bbox 518 2821 644 2904; x_wconf 87' lang='lat' dir='ltr'><strong>judicia</strong></span> <span class='ocrx_word' id='word_1_183' title='bbox 665 2821 749 2886; x_wconf 91' lang='lat' dir='ltr'><strong>hanc</strong></span> <span class='ocrx_word' id='word_1_184' title='bbox 771 2822 864 2888; x_wconf 90' lang='lat' dir='ltr'><strong>nobis</strong></span> <span class='ocrx_word' id='word_1_185' title='bbox 879 2821 1017 2886; x_wconf 85' lang='lat' dir='ltr'><strong>afferunt</strong></span> <span class='ocrx_word' id='word_1_186' title='bbox 1035 2821 1216 2904; x_wconf 88' lang='lat' dir='ltr'><strong>utilitatem,</strong></span> <span class='ocrx_word' id='word_1_187' title='bbox 1240 2829 1276 2886; x_wconf 93' lang='lat' dir='ltr'><strong>ut</strong></span> <span class='ocrx_word' id='word_1_188' title='bbox 1299 2842 1369 2888; x_wconf 89' lang='lat' dir='ltr'><strong>cer·</strong></span> 
     </span>
     <span class='ocr_line' id='line_1_24' title="bbox 234 2917 1112 3002; baseline -0.008 -15"><span class='ocrx_word' id='word_1_189' title='bbox 234 2927 300 2987; x_wconf 84' lang='lat' dir='ltr'><strong>tam</strong></span> <span class='ocrx_word' id='word_1_190' title='bbox 323 2919 476 2985; x_wconf 87' lang='lat' dir='ltr'><strong>materiae</strong></span> <span class='ocrx_word' id='word_1_191' title='bbox 499 2917 722 3002; x_wconf 89' lang='lat' dir='ltr'><strong>disponendae</strong></span> <span class='ocrx_word' id='word_1_192' title='bbox 746 2919 903 2984; x_wconf 88' lang='lat' dir='ltr'><strong>rationem</strong></span> <span class='ocrx_word' id='word_1_193' title='bbox 926 2919 1112 2984; x_wconf 87' lang='lat' dir='ltr'><strong>habeamus.</strong></span> 
     </span>
    </p>
   </div>
   <div class='ocr_carea' id='block_1_8' title="bbox 235 3014 1482 3197">
    <p class='ocr_par' dir='ltr' id='par_1_8' title="bbox 235 3014 1482 3197">
     <span class='ocr_line' id='line_1_25' title="bbox 320 3014 1482 3104; baseline 0.001 -23"><span class='ocrx_word' id='word_1_194' title='bbox 320 3015 515 3099; x_wconf 86' lang='lat' dir='ltr'><strong>Saepissime</strong></span> <span class='ocrx_word' id='word_1_195' title='bbox 537 3016 584 3093; x_wconf 87' lang='lat' dir='ltr'><strong>(ir.</strong></span> <span class='ocrx_word' id='word_1_196' title='bbox 603 3019 652 3081; x_wconf 86' lang='lat'><strong>19.</strong></span> <span class='ocrx_word' id='word_1_197' title='bbox 676 3020 726 3079; x_wconf 85' lang='lat'><strong>51.</strong></span> <span class='ocrx_word' id='word_1_198' title='bbox 751 3019 801 3080; x_wconf 84' lang='lat'><strong>52.</strong></span> <span class='ocrx_word' id='word_1_199' title='bbox 826 3019 876 3080; x_wconf 94' lang='grc'><strong>65.</strong></span> <span class='ocrx_word' id='word_1_200' title='bbox 900 3019 950 3079; x_wconf 88' lang='grc'><strong>66.</strong></span> <span class='ocrx_word' id='word_1_201' title='bbox 975 3018 1028 3093; x_wconf 82' lang='grc'><strong>86)</strong></span> <span class='ocrx_word' id='word_1_202' title='bbox 1050 3014 1181 3104; x_wconf 81' lang='lat' dir='ltr'><strong>Doridis</strong></span> <span class='ocrx_word' id='word_1_203' title='bbox 1198 3023 1367 3084; x_wconf 86' lang='lat' dir='ltr'><strong>auctorem</strong></span> <span class='ocrx_word' id='word_1_204' title='bbox 1481 3015 1482 3028; x_wconf 54' lang='lat'>¹</span> 
     </span>
     <span class='ocr_line' id='line_1_26' title="bbox 235 3111 1482 3197; baseline 0 -16"><span class='ocrx_word' id='word_1_205' title='bbox 235 3121 378 3181; x_wconf 90' lang='lat' dir='ltr'><strong>nostrum</strong></span> <span class='ocrx_word' id='word_1_206' title='bbox 400 3118 529 3195; x_wconf 89' lang='lat' dir='ltr'><strong>poetam</strong></span> <span class='ocrx_word' id='word_1_207' title='bbox 545 3111 643 3177; x_wconf 90' lang='lat' dir='ltr'><strong>habet</strong></span> <span class='ocrx_word' id='word_1_208' title='bbox 656 3114 858 3196; x_wconf 86' lang='lat' dir='ltr'><strong>Apollonius,</strong></span> <span class='ocrx_word' id='word_1_209' title='bbox 881 3114 971 3178; x_wconf 86' lang='lat' dir='ltr'><strong>testis</strong></span> <span class='ocrx_word' id='word_1_210' title='bbox 988 3112 1206 3197; x_wconf 81' lang='lat' dir='ltr'><strong>gravissimus,</strong></span> <span class='ocrx_word' id='word_1_211' title='bbox 1231 3113 1267 3178; x_wconf 93' lang='lat' dir='ltr'><strong>in</strong></span> <span class='ocrx_word' id='word_1_212' title='bbox 1282 3115 1367 3180; x_wconf 90' lang='lat' dir='ltr'><strong>h&#39;bro</strong></span> <span class='ocrx_word' id='word_1_213' title='bbox 1481 3143 1482 3181; x_wconf 83' lang='lat' dir='ltr'><strong>l</strong></span> 
     </span>
    </p>
   </div>
   <div class='ocr_carea' id='block_1_9' title="bbox 235 3207 1367 3489">
    <p class='ocr_par' dir='ltr' id='par_1_9' title="bbox 235 3207 1367 3489">
     <span class='ocr_line' id='line_1_27' title="bbox 236 3207 1366 3294; baseline 0 -17"><span class='ocrx_word' id='word_1_214' title='bbox 236 3210 278 3277; x_wconf 90' lang='lat' dir='ltr'><strong>de</strong></span> <span class='ocrx_word' id='word_1_215' title='bbox 299 3207 489 3294; x_wconf 90' lang='lat' dir='ltr'><strong>pronomine</strong></span> <span class='ocrx_word' id='word_1_216' title='bbox 510 3211 698 3294; x_wconf 88' lang='lat' dir='ltr'><strong>conscripto,</strong></span> <span class='ocrx_word' id='word_1_217' title='bbox 722 3211 839 3278; x_wconf 89' lang='lat' dir='ltr'><strong>etalio</strong></span> <span class='ocrx_word' id='word_1_218' title='bbox 863 3211 932 3276; x_wconf 93' lang='lat' dir='ltr'><strong>loco</strong></span> <span class='ocrx_word' id='word_1_219' title='bbox 956 3210 1010 3290; x_wconf 92' lang='lat' dir='ltr'><strong>(de</strong></span> <span class='ocrx_word' id='word_1_220' title='bbox 1032 3217 1149 3276; x_wconf 89' lang='lat' dir='ltr'><strong>constr.</strong></span> <span class='ocrx_word' id='word_1_221' title='bbox 1174 3230 1204 3294; x_wconf 90' lang='lat' dir='ltr'><strong>p.</strong></span> <span class='ocrx_word' id='word_1_222' title='bbox 1225 3214 1298 3276; x_wconf 84' lang='grc'>279.</span> <span class='ocrx_word' id='word_1_223' title='bbox 1323 3215 1366 3277; x_wconf 92' lang='grc'><strong>25</strong></span> 
     </span>
     <span class='ocr_line' id='line_1_28' title="bbox 236 3301 1367 3396; baseline -0.002 -22"><span class='ocrx_word' id='word_1_224' title='bbox 236 3307 285 3375; x_wconf 87' lang='lat' dir='ltr'><strong>od.</strong></span> <span class='ocrx_word' id='word_1_225' title='bbox 303 3306 448 3383; x_wconf 86' lang='lat' dir='ltr'><strong>Bekker)</strong></span> <span class='ocrx_word' id='word_1_226' title='bbox 470 3303 738 3382; x_wconf 80' lang='lat' dir='ltr'><strong>disertetostatur</strong></span> <span class='ocrx_word' id='word_1_227' title='bbox 761 3307 971 3392; x_wconf 73' lang='grc' dir='ltr'><strong><em>δωρίζεσθαι</em></strong></span> <span class='ocrx_word' id='word_1_228' title='bbox 992 3307 1033 3372; x_wconf 88' lang='grc' dir='ltr'><strong>τὰ</strong></span> <span class='ocrx_word' id='word_1_229' title='bbox 1046 3301 1238 3390; x_wconf 76' lang='grc' dir='ltr'><strong><em>Ἀλκμᾶνος</em></strong></span> <span class='ocrx_word' id='word_1_230' title='bbox 1260 3308 1367 3396; x_wconf 81' lang='grc' dir='ltr'><strong><em>ποιή-</em></strong></span> 
     </span>
     <span class='ocr_line' id='line_1_29' title="bbox 235 3401 1365 3489; baseline 0 -19"><span class='ocrx_word' id='word_1_231' title='bbox 235 3429 334 3489; x_wconf 90' lang='grc' dir='ltr'><strong><em>ματα.</em></strong></span> <span class='ocrx_word' id='word_1_232' title='bbox 365 3403 454 3469; x_wconf 91' lang='lat' dir='ltr'><strong>Idem</strong></span> <span class='ocrx_word' id='word_1_233' title='bbox 471 3401 569 3467; x_wconf 90' lang='lat' dir='ltr'><strong>tradit</strong></span> <span class='ocrx_word' id='word_1_234' title='bbox 582 3407 810 3486; x_wconf 85' lang='lat' dir='ltr'><strong>grammaticus</strong></span> <span class='ocrx_word' id='word_1_235' title='bbox 824 3404 993 3471; x_wconf 88' lang='lat' dir='ltr'><strong>Leidensis</strong></span> <span class='ocrx_word' id='word_1_236' title='bbox 1009 3426 1040 3489; x_wconf 91' lang='lat' dir='ltr'><strong>p.</strong></span> <span class='ocrx_word' id='word_1_237' title='bbox 1053 3410 1114 3472; x_wconf 87' lang='lat'><strong>635</strong></span> <span class='ocrx_word' id='word_1_238' title='bbox 1131 3405 1182 3471; x_wconf 90' lang='lat' dir='ltr'><strong>ed.</strong></span> <span class='ocrx_word' id='word_1_239' title='bbox 1198 3405 1365 3474; x_wconf 85' lang='lat' dir='ltr'><strong>Schaeier.</strong></span> 
     </span>
    </p>
   </div>
   <div class='ocr_carea' id='block_1_10' title="bbox 235 3499 1481 3589">
    <p class='ocr_par' dir='ltr' id='par_1_10' title="bbox 235 3499 1481 3589">
     <span class='ocr_line' id='line_1_30' title="bbox 235 3499 1481 3589; baseline -0.002 -20"><span class='ocrx_word' id='word_1_240' title='bbox 235 3502 353 3570; x_wconf 80' lang='lat' dir='ltr'><strong>Suidas</strong></span> <span class='ocrx_word' id='word_1_241' title='bbox 372 3517 397 3567; x_wconf 81' lang='lat' dir='ltr'><strong>s.</strong></span> <span class='ocrx_word' id='word_1_242' title='bbox 414 3521 444 3566; x_wconf 89' lang='lat' dir='ltr'><strong>v.</strong></span> <span class='ocrx_word' id='word_1_243' title='bbox 468 3499 576 3584; x_wconf 86' lang='lat' dir='ltr'><strong>prodit</strong></span> <span class='ocrx_word' id='word_1_244' title='bbox 598 3502 639 3568; x_wconf 81' lang='lat' dir='ltr'><strong>de</strong></span> <span class='ocrx_word' id='word_1_245' title='bbox 654 3503 825 3570; x_wconf 76' lang='lat' dir='ltr'><strong>Alcmana:</strong></span> <span class='ocrx_word' id='word_1_246' title='bbox 849 3507 1006 3589; x_wconf 77' lang='grc' dir='ltr'><strong><em>κέχρηται</em></strong></span> <span class='ocrx_word' id='word_1_247' title='bbox 1029 3501 1162 3586; x_wconf 79' lang='grc' dir='ltr'><strong><em>Δωρίδι</em></strong></span> <span class='ocrx_word' id='word_1_248' title='bbox 1187 3501 1365 3589; x_wconf 82' lang='grc' dir='ltr'><strong><em>διαλέκτῳ,</em></strong></span> <span class='ocrx_word' id='word_1_249' title='bbox 1480 3541 1481 3567; x_wconf 63' lang='lat' dir='ltr'><strong>r</strong></span> 
     </span>
    </p>
   </div>
   <div class='ocr_carea' id='block_1_11' title="bbox 236 3596 1366 3881">
    <p class='ocr_par' dir='ltr' id='par_1_11' title="bbox 236 3596 1366 3881">
     <span class='ocr_line' id='line_1_31' title="bbox 236 3596 747 3682; baseline -0.006 -17"><span class='ocrx_word' id='word_1_250' title='bbox 236 3597 397 3682; x_wconf 75' lang='grc' dir='ltr'><strong><em>καθάπερ</em></strong></span> <span class='ocrx_word' id='word_1_251' title='bbox 420 3596 710 3680; x_wconf 84' lang='grc' dir='ltr'><strong><em>Λακεδαιμόνιος.</em></strong></span> <span class='ocrx_word' id='word_1_252' title='bbox 745 3669 747 3674; x_wconf 53' lang='grc'>,</span> 
     </span>
     <span class='ocr_line' id='line_1_32' title="bbox 321 3694 1366 3779; baseline 0.003 -18"><span class='ocrx_word' id='word_1_253' title='bbox 321 3695 482 3761; x_wconf 88' lang='lat' dir='ltr'><strong>Laconica</strong></span> <span class='ocrx_word' id='word_1_254' title='bbox 505 3694 635 3761; x_wconf 85' lang='lat' dir='ltr'><strong>Doridis</strong></span> <span class='ocrx_word' id='word_1_255' title='bbox 662 3697 770 3779; x_wconf 89' lang='lat' dir='ltr'><strong>specie</strong></span> <span class='ocrx_word' id='word_1_256' title='bbox 799 3717 872 3763; x_wconf 90' lang='lat' dir='ltr'><strong>eum</strong></span> <span class='ocrx_word' id='word_1_257' title='bbox 894 3717 985 3762; x_wconf 90' lang='lat' dir='ltr'><strong>usum</strong></span> <span class='ocrx_word' id='word_1_258' title='bbox 1009 3715 1080 3762; x_wconf 90' lang='lat' dir='ltr'><strong>esse</strong></span> <span class='ocrx_word' id='word_1_259' title='bbox 1103 3695 1197 3763; x_wconf 89' lang='lat' dir='ltr'><strong>docet</strong></span> <span class='ocrx_word' id='word_1_260' title='bbox 1219 3699 1366 3764; x_wconf 89' lang='lat' dir='ltr'><strong>Joannes</strong></span> 
     </span>
     <span class='ocr_line' id='line_1_33' title="bbox 236 3789 1364 3881; baseline -0.001 -22"><span class='ocrx_word' id='word_1_261' title='bbox 236 3793 461 3875; x_wconf 81' lang='lat' dir='ltr'><strong>grammaticus</strong></span> <span class='ocrx_word' id='word_1_262' title='bbox 478 3796 550 3858; x_wconf 81' lang='lat'><strong>243.</strong></span> <span class='ocrx_word' id='word_1_263' title='bbox 567 3797 586 3858; x_wconf 88' lang='grc'><strong>6</strong></span> <span class='ocrx_word' id='word_1_264' title='bbox 609 3791 768 3881; x_wconf 81' lang='grc' dir='ltr'><strong><em>διαφέρει</em></strong></span> <span class='ocrx_word' id='word_1_265' title='bbox 792 3792 828 3860; x_wconf 81' lang='grc' dir='ltr'><strong>δὲ</strong></span> <span class='ocrx_word' id='word_1_266' title='bbox 845 3789 865 3878; x_wconf 81' lang='grc' dir='ltr'><em>ἦ</em></span> <span class='ocrx_word' id='word_1_267' title='bbox 881 3795 947 3858; x_wconf 83' lang='grc' dir='ltr'><strong>τῶν</strong></span> <span class='ocrx_word' id='word_1_268' title='bbox 965 3799 1105 3878; x_wconf 78' lang='grc' dir='ltr'><strong><em>Κρητῶν</em></strong></span> <span class='ocrx_word' id='word_1_269' title='bbox 1122 3791 1364 3874; x_wconf 82' lang='grc' dir='ltr'><strong><em>διάλεκτος...</em></strong></span> 
     </span>
    </p>
   </div>
   <div class='ocr_carea' id='block_1_12' title="bbox 307 4001 1363 4094">
    <p class='ocr_par' dir='ltr' id='par_1_12' title="bbox 307 4001 1363 4094">
     <span class='ocr_line' id='line_1_34' title="bbox 307 4001 1363 4094; baseline 0.007 -22"><span class='ocrx_word' id='word_1_270' title='bbox 307 4022 326 4084; x_wconf 82' lang='lat'><strong>⁸)</strong></span> <span class='ocrx_word' id='word_1_271' title='bbox 337 4019 379 4072; x_wconf 89' lang='lat' dir='ltr'><strong>De</strong></span> <span class='ocrx_word' id='word_1_272' title='bbox 389 4001 535 4088; x_wconf 78' lang='lat' dir='ltr'><strong>lyricorum</strong></span> <span class='ocrx_word' id='word_1_273' title='bbox 549 4027 694 4092; x_wconf 86' lang='lat' dir='ltr'><strong>poetarum</strong></span> <span class='ocrx_word' id='word_1_274' title='bbox 707 4021 824 4080; x_wconf 81' lang='lat' dir='ltr'><strong>dialecto</strong></span> <span class='ocrx_word' id='word_1_275' title='bbox 834 4040 903 4094; x_wconf 86' lang='lat' dir='ltr'><strong>opus</strong></span> <span class='ocrx_word' id='word_1_276' title='bbox 917 4024 1101 4093; x_wconf 88' lang='lat' dir='ltr'><strong>composuisse</strong></span> <span class='ocrx_word' id='word_1_277' title='bbox 1112 4023 1231 4082; x_wconf 85' lang='lat' dir='ltr'><strong>traditur</strong></span> <span class='ocrx_word' id='word_1_278' title='bbox 1243 4024 1363 4094; x_wconf 85' lang='lat' dir='ltr'><strong>Trypho.</strong></span> 
     </span>
    </p>
   </div>
   <div class='ocr_carea' id='block_1_13' title="bbox 0 0 1508 4866">
    <p class='ocr_par' dir='ltr' id='par_1_13' title="bbox 0 0 1508 4866">
     <span class='ocr_line' id='line_1_35' title="bbox 0 0 1508 4866; baseline 0 0"><span class='ocrx_word' id='word_1_279' title='bbox 0 0 1508 4866; x_wconf 95' lang='lat' dir='ltr'><strong> </strong></span> 
     </span>
    </p>
   </div>
  </div>
 </body>
</html>
