2978 4872
125 1329 147 1393 Ι.
188 1329 242 1396 De
272 1328 412 1412 glossa
441 1325 720 1410 Hesychiana‚
757 1343 870 1406 quam
906 1323 1073 1407 primam
1102 1325 1241 1395 dualis

385 1443 600 1508 personam
624 1421 851 1488 habendam
874 1429 981 1505 puto.

202 1560 476 1627 Terminationum
499 1558 605 1624 dualis
628 1557 740 1641 lingua
761 1559 934 1642 sanserita,
958 1581 1053 1644 quam
1076 1562 1109 1627 in
1132 1561 1242 1646 pleris-

125 1678 180 1740 que
207 1659 303 1724 rebus
333 1657 455 1742 antiqui
483 1664 584 1724 staths
605 1663 751 1723 tenacem
775 1676 846 1723 esse
868 1657 952 1723 inter
974 1678 1085 1726 omnes
1107 1666 1242 1744 constat,

126 1759 218 1823 totam
240 1761 407 1823 extremae
427 1754 629 1839 antiquitatis
651 1752 776 1837 copiam
801 1755 995 1837 asservavit,
1026 1777 1157 1838 quarum
1181 1763 1242 1825 ter-

125 1855 329 1921 minationum
352 1861 416 1922 tres
431 1855 500 1934 cun
514 1855 602 1934 (nas),
626 1850 705 1924 thos,
729 1860 777 1912 too
798 1850 832 1916 in
855 1853 1034 1934 praesentis
1055 1854 1242 1938 indicativo,

125 1959 184 2019 tres
205 1973 251 2025 oo,
277 1961 351 2026 tum,
374 1954 437 2014 rou
460 1952 493 2016 in
515 1947 695 2034 praeteritis
718 1947 885 2032 modisque
904 1950 1049 2032 cognatis
1064 1958 1242 2034 versantur,

125 2050 204 2117 aliae
225 2069 310 2133 qnae
332 2069 372 2115 ex
396 2047 508 2114 eodem
537 2047 626 2113 tonte
647 2044 803 2128 originem
825 2053 991 2114 traxerunt
1018 2050 1149 2131 linguae
1171 2069 1241 2116 eam

125 2147 240 2231 copiam
275 2154 333 2212 aut
364 2147 540 2212 amiserunt
568 2151 623 2210 aut
652 2165 717 2209 non
746 2148 846 2209 totam
874 2153 1154 2213 conservaverunt.
1205 2147 1242 2214 In

125 2245 229 2329 lingua
249 2262 369 2328 graeca
391 2241 611 2309 tantummodo
634 2240 717 2308 duae
739 2247 868 2307 exstant
889 2243 1145 2329 terminationes,
1169 2266 1244 2329 qua-

124 2361 186 2408 rum
217 2343 250 2408 in
287 2341 485 2424 temporibus
518 2339 676 2423 primariis
704 2362 762 2404 τον
792 2345 825 2404 et
852 2340 1027 2406 secundam
1056 2348 1088 2409 et
1117 2345 1243 2408 tertiam

124 2459 306 2522 personam,
329 2439 363 2504 in
385 2436 567 2522 praeteritis
588 2443 685 2520 atque
707 2435 860 2519 optativis
882 2461 941 2502 rou
963 2439 1153 2522 secundam,
1182 2465 1242 2525 την

125 2538 243 2603 tertiam
266 2542 301 2603 et
321 2555 364 2602 ne
386 2541 571 2601 constanter
591 2534 730 2617 quidem,
754 2532 812 2601 sed
828 2554 1056 2618 nonnunquam
1073 2537 1158 2602 inter
1172 2557 1244 2604 sese

124 2634 281 2700 variantes
298 2632 463 2699 denotant.
500 2631 590 2710 Quae
606 2631 734 2715 quidem
756 2650 827 2697 eum
850 2631 883 2696 in
907 2631 1035 2697 modum
1059 2633 1246 2717 dispertitae

125 2750 160 2796 ac
180 2731 332 2798 definitae
353 2729 595 2796 terminationes
616 2728 727 2811 quanti
750 2727 902 2794 momenti
923 2727 965 2793 ad
988 2730 1108 2814 passivi
1132 2730 1244 2798 duales

125 2825 288 2912 fingendas
308 2827 435 2907 fuerint,
459 2828 558 2910 plane
572 2833 718 2910 apparet.
754 2828 834 2892 llam
858 2831 966 2892 antem
987 2827 1244 2894 terminationem

125 2950 187 3004 τον,
216 2946 303 3011 quae
329 2925 505 3008 antiquitus
535 2925 606 2989 sola
628 2924 871 3007 praeteritorum
897 2924 1058 2990 secundae
1086 2944 1244 3009 personae

125 3022 187 3106 luit,
210 3025 311 3091 etiam
333 3023 376 3088 ad
398 3021 619 3105 primariorum
641 3028 818 3104 temporum
836 3021 941 3086 dualis
956 3022 1128 3106 secundam
1149 3025 1246 3106 signi-

125 3117 279 3186 ficandam
302 3119 480 3185 adhibitam
504 3137 590 3200 esse,
618 3117 695 3184 inde
716 3119 811 3185 iacile
836 3118 981 3201 intellegi
1010 3127 1129 3204 potest,
1160 3121 1246 3204 qnod

125 3215 229 3285 formis
244 3217 395 3284 λύ-ε-τον
412 3224 444 3284 et
463 3213 657 3295 ἒ-λύ-ε-τον,
680 3223 715 3282 ut
730 3216 913 3300 exemplum
928 3217 1071 3299 afferam,
1095 3238 1246 3301 augmen-

127 3321 186 3379 tum
208 3317 424 3399 antepositnm
449 3311 610 3379 distinctio
633 3313 692 3378 init
713 3314 792 3379 satis
813 3313 940 3382 idonea.
984 3316 1099 3397 Itaque
1127 3315 1244 3382 factum

125 3419 179 3494 est,
201 3419 236 3478 ut
251 3413 285 3479 in
300 3413 410 3495 lingna
431 3430 548 3495 graeca
569 3410 711 3478 secunda
727 3418 759 3478 et
773 3413 876 3500 tertia
890 3413 1043 3495 primaria
1064 3411 1245 3478 terminatio

124 3509 216 3591 plane
241 3511 419 3576 tolleretur.
463 3510 569 3590 Atque
591 3509 688 3575 etiam
712 3529 749 3574 eo
773 3509 888 3575 Graeci
910 3508 1070 3592 progressi
1093 3516 1182 3592 sunt,
1212 3515 1246 3574 nt

126 3607 267 3689 primam,
292 3614 325 3674 et
339 3607 524 3691 primariam
539 3613 572 3672 et
587 3606 820 3689 secundariam,
841 3607 946 3673 dualis
961 3606 1106 3673 delerent
1119 3627 1247 3674 munus·

127 3722 184 3784 que
206 3724 270 3787 quo
300 3703 404 3771 dualis
432 3704 559 3770 iunctus
587 3709 655 3770 erat
682 3704 803 3770 formae
825 3703 960 3787 pluralis
982 3705 1159 3787 explerent.
1203 3705 1247 3770 At

126 3800 200 3866 mihi
233 3800 390 3868 dialectos
421 3822 554 3886 graecas
587 3801 798 3886 perscrutanti
827 3800 929 3866 forma
961 3802 1113 3883 occurrit,
1151 3822 1247 3886 quam

127 3897 259 3979 primam
276 3899 382 3966 dualis
403 3919 572 3984 personam
589 3918 660 3965 esse
681 3906 799 3982 putem.
837 3897 1017 3982 Hesychius
1032 3902 1117 3966 enim
1133 3901 1245 3967 miram

127 3995 314 4078 Argivorum
336 3999 478 4081 glossam
499 3997 654 4063 servavit:
