2986 4864
475 425 517 481 De
534 427 673 484 Alcmauit
691 435 788 500 poetae
806 435 931 496 dialecto.
1205 439 1266 502 375

136 605 323 665 constanter
338 596 486 679 cernitur,
510 600 555 666 ita
570 610 605 668 ut
619 602 750 670 dubium
766 606 922 691 videatur,
947 629 1022 675 num
1045 611 1163 696 ubique
1185 616 1266 683 baec

137 699 273 764 mutatio
289 699 373 765 taeta
388 699 445 782 sit3
468 698 526 763 sed
541 706 661 766 certam
683 703 788 785 legem
804 724 868 770 non
883 707 1076 774 invenerunt
1091 711 1152 776 viri
1168 711 1263 780 docti.

136 797 234 881 Apud
251 797 439 863 Alemanem
457 793 499 861 od
513 797 547 861 in
570 798 685 864 mediis
706 800 838 866 vocibus
860 803 1049 886 plerumque
1065 827 1128 888 pro
1145 807 1164 887 ζ
1179 811 1264 893 posi·

134 903 202 961 tum
226 901 277 961 est
298 891 336 960 ci.
354 898 374 976 ξ
393 898 440 958 14.
478 894 552 958 Non
574 895 679 962 minus
700 897 836 981 insignis
858 906 908 966 est
928 900 1103 984 duplicatio
1128 906 1263 989 liquida·

135 1013 205 1058 rum
229 1012 270 1058 ex
293 993 451 1060 nasalium
475 992 708 1060 assimilatione
726 1000 804 1077 orta,
828 996 883 1060 ubi
904 997 938 1063 in
961 998 1093 1081 reliquis
1115 1002 1262 1072 dialectis

133 1091 245 1172 aliqua
261 1109 451 1170 consonans,
475 1095 644 1173 postquam
667 1093 818 1174 produxit
836 1096 980 1161 vocalem
1003 1099 1260 1185 praecedentem,

134 1188 240 1271 ejecta
255 1193 312 1253 est.
343 1188 477 1251 Alcman
494 1207 570 1252 vero
586 1207 649 1252 non
665 1190 848 1272 repudiavit
865 1191 983 1258 formas
999 1195 1132 1261 Dorioas
1145 1197 1258 1284 χηρός,

132 1281 230 1368 ἁμές,
247 1281 342 1372 ἤμεν,
360 1282 484 1349 dunler
496 1284 589 1350 alias.
621 1285 725 1350 Unum
744 1289 925 1373 exemplum
941 1291 1124 1372 geminatae
1139 1297 1260 1363 nasalis

134 1384 233 1448 babet
262 1401 418 1466 papyrus:
459 1381 609 1456 alavart¹
628 1385 657 1447 2.
684 1389 736 1466 10,
768 1384 824 1452 sed
850 1386 922 1469 jam
950 1408 1048 1472 supra
1070 1393 1259 1476 monuimus,

132 1481 285 1545 Doricam
300 1481 413 1544 horum
430 1479 661 1562 adjectivorum
678 1481 811 1548 sormam
828 1502 868 1548 ex
884 1486 973 1568 puris
988 1486 1128 1555 tontibus
1144 1509 1259 1574 cogno·

131 1577 176 1644 sci
211 1598 276 1643 non
311 1596 407 1660 posse
434 1585 530 1659 atque
559 1578 642 1643 adeo
674 1581 858 1645 testimonia
891 1581 1050 1663 quaedam
1080 1605 1257 1671 superesse,

132 1695 196 1740 nou
213 1674 343 1757 quidem
363 1672 535 1738 admodum
558 1677 678 1759 gravia,
701 1676 842 1741 sednon
865 1697 995 1760 prorsus
1009 1685 1256 1766 contemnanda,

131 1793 213 1855 quae
236 1772 388 1853 analogia
403 1772 595 1855 obloquente
618 1773 873 1839 terminationem
888 1799 1000 1851 -εννος
1023 1777 1072 1842 bis
1087 1779 1256 1862 adjectivis

130 1869 306 1935 vindicent.
347 1867 493 1935 Ceterum
517 1870 597 1936 baec
618 1871 768 1954 exempla
788 1859 919 1937 minoris
941 1875 1094 1940 momenti
1116 1895 1188 1942 esse
1210 1879 1256 1942 vi·

130 1967 256 2050 dentur,
288 1968 315 2032 si
341 1972 534 2049 reputamus,
560 1968 739 2050 antiquiore
760 1973 905 2052 tempore
926 1969 1090 2036 literarum
1114 1971 1255 2055 duplica·

128 2066 250 2131 tionem
273 2064 443 2130 scribendo
466 2084 564 2148 saepe
586 2085 651 2130 non
675 2084 858 2148 expressam
875 2085 955 2148 esse,
978 2068 1087 2150 itaque
1101 2075 1134 2133 et
1150 2068 1255 2154 χηρός

128 2170 163 2228 et
184 2160 304 2228 κλεννά
333 2163 469 2229 fortasse
497 2163 635 2228 librariis
658 2163 777 2230 deberi.
823 2164 993 2247 Digamma
1019 2166 1103 2231 inter
1123 2168 1254 2234 vocales

128 2261 162 2325 iu
178 2286 197 2323 v
217 2267 342 2325 mutare
363 2261 471 2327 Lesbii
494 2261 643 2327 solebant
665 2257 778 2339 (αὕως,
801 2257 949 2343 adello),
971 2262 1056 2328 idem
1080 2263 1166 2347 apud
1181 2265 1253 2330 Alo·

127 2377 256 2423 manem
273 2357 389 2423 luctum
406 2377 477 2424 esse
491 2357 617 2423 videtur
631 2358 665 2421 in
680 2377 758 2424 voce
770 2354 816 2423 αὐ
826 2382 841 2422 ε
852 2359 974 2441 roupi
983 2383 1051 2424 ναι
1066 2381 1140 2444 pap.
1154 2365 1183 2426 2.
1197 2363 1252 2445 293

127 2455 186 2520 sed
208 2474 281 2520 cum
303 2455 407 2539 prima
429 2455 558 2539 syllaba
580 2454 675 2538 hujus
696 2456 784 2522 vocis
806 2456 839 2521 in
861 2475 956 2522 versu
979 2456 1085 2522 brevis
1107 2458 1157 2538 sit,
1181 2478 1253 2524 cen·

125 2552 270 2634 seqnitur
293 2575 336 2617 ur
358 2573 420 2618 non
450 2577 491 2618 oo
517 2553 755 2637 pronuntiatum
778 2571 866 2633 esse,
894 2571 998 2634 neque
1026 2553 1120 2619 aliter
1149 2554 1190 2620 de
1212 2574 1253 2622 ea

119 2649 335 2733 judicandum
359 2657 407 2717 est
429 2669 467 2716 ac
492 2649 534 2715 de
556 2649 724 2715 Pindarico
747 2645 857 2714 αὐάτα
883 2650 988 2734 (Pytb.
1013 2654 1043 2732 2,
1066 2653 1135 2731 28),
1166 2651 1251 2733 quod
1315 2700 1317 2704 .

126 2747 204 2811 mibi
228 2747 356 2828 quidem
380 2749 491 2814 merito
514 2748 690 2813 Mommsen
716 2748 750 2810 in
779 2742 887 2810 druse
916 2755 1057 2812 mutasse
1083 2748 1210 2814 videtur
1230 2775 1250 2813 v

124 2865 185 2930 pro
207 2869 228 2908 r
250 2846 389 2911 librariis
410 2846 464 2910 vel
486 2844 702 2927 grammaticis
724 2844 835 2910 deberi
856 2850 952 2910 ratus.
987 2843 1166 2911 Infinitivns
1181 2865 1250 2912 ver-

125 2942 237 3006 borum
261 2944 292 3006 in
310 2967 336 3006 ω
353 2943 536 3007 exeuntium
552 2941 809 3015 terminationem
824 2965 882 3027 -qr
898 2940 984 3026 apud
1000 2942 1118 3008 Aeoles
1141 2943 1249 3024 babet,

122 3057 195 3104 cum
226 3041 259 3103 in
282 3039 400 3104 Dorica
429 3038 565 3104 dialecto
593 3041 692 3121 longa
713 3039 835 3104 vocalis
856 3037 973 3122 corripi
995 3038 1115 3122 soleat3
1147 3060 1251 3124 pauca

125 3136 276 3220 exempla
306 3136 401 3220 hujus
430 3137 562 3202 rationis
589 3137 624 3200 iu
647 3136 839 3202 Alemauicis
861 3135 1050 3218 fragmentis
1072 3138 1249 3222 reperimus

122 3236 144 3315 ξ
168 3239 197 3314 7,
228 3233 285 3300 sed
314 3253 384 3300 eam
407 3254 427 3298 a
449 3234 613 3300 'Laconica
642 3234 779 3299 dialecto
808 3253 936 3319 prorsus
965 3233 1152 3316 abjudicare
1183 3257 1248 3302 non

122 3333 237 3398 ausim.
281 3329 462 3396 Infinitivus
484 3332 629 3415 stirpium
658 3332 954 3416 monosyllabarum
977 3331 1010 3394 in
1033 3354 1150 3411 -μεναι
1172 3333 1247 3414 exit,

121 3430 232 3511 itaque
246 3428 436 3494 Lesbiadum
455 3428 557 3494 videri
578 3422 686 3511 potest
708 3426 885 3508 ’ἔδμεναι
907 3427 1032 3506 ir.100,
1056 3446 1165 3491 verum
1183 3449 1246 3493 non

121 3528 228 3591 miuus
268 3545 308 3592 ex
342 3526 434 3610 spica
468 3525 603 3592 dialecto
642 3531 738 3607 poeta
771 3524 854 3588 buno
888 3522 1022 3587 formam
1059 3522 1247 3606 depromere

119 3623 235 3709 potuit.
280 3624 456 3689 Notissima
487 3630 537 3688 est
569 3623 744 3689 Lesbiacae
777 3619 906 3685 dialecti
937 3619 1115 3704 proprietas
1147 3623 1247 3687 verba

119 3727 286 3787 contracta
303 3719 347 3786 ad
369 3739 512 3785 normam
528 3720 695 3785 verborum
711 3719 744 3784 in
760 3743 798 3800 μι
813 3717 896 3801 quae
910 3721 1065 3781 vocantur
1086 3715 1245 3800 flectendi,

117 3818 211 3902 eujus
234 3817 367 3884 rationis
389 3818 422 3883 in
444 3818 561 3884 nostris
582 3816 768 3898 fragmentis
788 3835 831 3881 ne
851 3812 1022 3895 vestigium
1037 3813 1166 3894 quidem
1188 3837 1246 3900 ap-

119 3922 221 4000 paret.
266 3917 379 3997 Neque
401 3914 488 3997 quod
503 3913 691 3980 Heraclidas
714 3912 801 3998 apud
822 3909 969 3976 Eustath.
996 3912 1086 3976 1787.
1110 3917 1150 3975 45
1173 3915 1246 3980 Ale-

118 4011 280 4077 manlcnm
309 4010 486 4096 παρέντων
508 4011 546 4076 fr.
570 4015 611 4076 64
633 4011 797 4076 Aeolicum
825 4012 936 4088 vocat,
966 4006 1063 4074 ullius
1092 4014 1246 4078 momenti
