2986 4864
244 420 306 482 398
765 421 842 488 Ruge

245 616 272 668 a,
297 595 447 679 quoniam
464 593 592 660 omissio
615 593 862 677 praepositionis
877 593 964 676 apud
979 592 1060 659 illud
1075 595 1210 661 verbum
1225 595 1368 664 inaudita
1469 675 1470 688 χ

244 697 325 761 est.“
354 692 420 760 Sed
435 692 521 758 aliae
543 710 669 774 quoque
692 691 929 758 enuntiationes
950 693 1295 778 commemorabuntur,
1316 697 1368 761 ubi

244 792 407 860 Oieeronis
422 790 551 873 quidem
565 796 674 857 aetate
694 787 888 873 praepositio
903 790 1087 856 necessaria
1101 798 1197 873 esset,
1215 793 1251 857 in
1267 793 1368 859 Plauti

243 909 320 958 sero
335 889 454 956 fabulis
468 889 612 955 oodieum
628 887 850 954 auetoritntem
866 887 966 952 seeuti
982 889 1277 972 praepositionibus
1292 912 1368 975 opus

244 1007 316 1055 esse
343 1006 508 1069 negamus.
559 985 709 1068 Exempli
738 985 843 1067 gratia
870 984 969 1050 Mero.
995 989 1053 1048 521
1086 1005 1215 1052 versum
1245 988 1368 1055 adiero:

243 1094 374 1148 matura·
384 1086 446 1148 iam
461 1084 533 1147 inde
548 1093 665 1168 uetate3
688 1082 836 1148 omnibus
853 1088 961 1148 autem
977 1082 1051 1149 aliis
1072 1083 1152 1150 loeis
1174 1086 1368 1170 praepositio

245 1182 283 1246 ab
305 1182 436 1265 legitur:
458 1182 547 1248 Trin.
571 1184 648 1246 305:
672 1179 744 1242 inde
766 1179 803 1242 ab
827 1191 929 1244 aetate
949 1201 979 1246 0.
1003 1200 1028 1245 0.

319 1300 350 1376 b)
373 1301 466 1366 abiis
481 1306 603 1384 petunt.
626 1300 843 1382 Enn.tr.359;
858 1301 900 1364 ab
912 1299 973 1365 hoo
984 1301 1134 1365 exorabo.
1151 1301 1367 1368 Banabtl'll.

373 1403 542 1483 praeterea
563 1398 739 1462 invenitur:
769 1417 861 1464 orare
882 1416 922 1462 ex
944 1403 985 1462 te.
1018 1397 1085 1462 Mil.
1104 1401 1197 1464 1072.
1315 1421 1321 1428 ·

331 1542 370 1608 V.
414 1540 521 1605 Verba
543 1540 686 1621 originis
999 1625 1008 1654 ἢ

324 1669 354 1740 a)
377 1662 484 1727 Erebo
507 1667 615 1727 ereata
636 1680 711 1726 nox,
746 1663 829 1726 Enn.
852 1668 891 1726 tr.
916 1665 974 1728 183
998 1662 1128 1742 (Verbi).

375 1760 514 1825 Tantalo
537 1764 721 1842 prognatus.
757 1759 858 1824 Naev.
883 1762 933 1824 49.

374 1878 437 1942 quo
467 1875 586 1939 genere
614 1861 670 1922 aut
699 1856 815 1937 quibus
847 1857 1033 1940 parentibus
1062 1865 1140 1924 nata
1173 1859 1226 1927 sit.
1270 1859 1368 1926 Plaut

245 1958 345 2024 Persa
367 1959 439 2020 594.
549 1991 552 1997 ,

375 2060 463 2118 ortus
485 2051 637 2118 medioen'
659 2059 731 2117 satu
754 2051 972 2135 Cadmogena.
1008 2055 1123 2121 Aeolus
1147 2059 1220 2122 642.

374 2151 470 2216 homo
492 2149 590 2214 Graio
613 2155 714 2231 patre.
749 2150 873 2216 Ennius
894 2170 970 2215 ann.
995 2155 1064 2218 183.

374 2248 533 2331 hospitem
560 2247 735 2330 Zaeyntbo.
770 2248 866 2312 Mero.
889 2251 961 2312 040.

247 2363 404 2444 Qualibus
438 2361 472 2426 in
505 2360 737 2427 elocutionibus
771 2360 939 2428 Terentius
977 2361 1044 2430 iere
1076 2381 1205 2448 semper
1242 2385 1368 2451 praepo·

246 2460 379 2528 sitiones
401 2466 599 2544 usurpatpat
620 2459 734 2524 habet:
1472 2461 1473 2464 ’

374 2563 492 2627 bonnm
516 2560 609 2626 bonis
631 2565 821 2644 prognatam
845 2579 925 2627 esse.
959 2561 1038 2627 Pho.
1064 2567 1133 2626 115.

320 2659 351 2738 b)
373 2679 414 2726 ex
437 2679 472 2726 se
490 2658 668 2724 'Anehisem
690 2664 834 2740 generat.
867 2658 949 2722 Eun.
973 2666 1011 2723 tr.
1035 2663 1086 2723 31.

374 2758 416 2822 ab
440 2756 540 2839 stirpe
562 2763 700 2822 exortus.
734 2756 850 2821 Aonius
874 2759 946 2822 596.

308 2927 312 2934 ,
375 2854 517 2938 astirpe
539 2872 706 2937 supremus
728 2853 858 2918 Burrus.
893 2854 976 2918 Eun.
1000 2859 1038 2918 tr.
1065 2857 1133 2920 184.

375 2951 561 3016 desummo
584 2951 654 3017 loeo
676 2949 879 3016 adulescens.
911 2948 1002 3033 Oapt
1025 2954 1078 3016 29.
1148 2966 1156 2976 ·

375 3067 496 3148 narem!
514 3069 554 3114 ex
576 3048 700 3114 Rhodo.
734 3048 830 3114 Mero.
853 3050 926 3112 257.

376 3165 394 3211 0
417 3144 569 3210 Corintho
592 3145 721 3211 advene
743 3163 833 3210 anus.
868 3147 941 3211 Ter.
965 3145 1060 3211 Haut.
1083 3149 1133 3211 06.
1265 3149 1266 3152 ’

377 3263 418 3309 ex
439 3250 471 3308 te
493 3263 565 3309 esse
585 3250 706 3308 natum.
743 3243 839 3308 Haut.
866 3246 957 3308 1020.

333 3395 389 3461 VI.
434 3396 603 3462 Ablativns
635 3416 707 3462 eum
740 3358 981 3478 praepositione
1014 3397 1202 3464 ooniunetus
1233 3399 1368 3482 genetivi

247 3495 391 3581 partibus
413 3493 569 3576 iungitur:

376 3613 435 3678 abs
446 3618 478 3676 te
489 3611 594 3692 tetigit
605 3629 699 3676 aures
710 3612 851 3676 nuntius.
875 3611 924 3676 Ex
936 3613 996 3678 ino.
1009 3612 1073 3676 fab.
1086 3615 1125 3677 23
1139 3614 1367 3697 (tribunati).

376 3730 454 3777 esne
475 3714 510 3774 tu
531 3709 573 3774 ab
596 3708 652 3773 illo
675 3708 785 3773 milite.
822 3708 938 3775 Pseud.
962 3714 1025 3775 616
1048 3711 1097 3787 (01.
1121 3712 1195 3776 Lor.
1218 3712 1315 3789 adn).

230 3808 241 3834 ⁸
375 3809 452 3873 foris
474 3806 659 3891 eonerepuit
680 3805 754 3870 hine
776 3826 797 3871 a
818 3807 924 3872 vieino
947 3827 1035 3874 sene.
1069 3809 1136 3875 Mil.
1162 3814 1233 3874 154.

375 3907 425 3970 lar
446 3904 614 3970 familiaris
636 3923 675 3970 ex
698 3902 759 3968 bae
780 3903 912 3970 familia.
946 3906 1028 3970 Aul:
1043 3907 1068 3986 I,
1095 3913 1122 3986 1,
1146 3911 1176 3971 2.

376 4021 397 4066 0
418 4003 511 4068 nobis
534 4008 787 4087 oonerepuerunt
808 4001 902 4068 fores.
937 4005 1011 4070 Ter.
1034 4005 1130 4070 Haut.
1154 4008 1227 4070 613.
