2968 4866
201 393 263 456 296
699 387 838 458 Schrader,
905 367 915 376 ⁵

200 565 303 650 villig
324 565 368 631 im
383 563 505 632 Stich.“
541 563 665 626 Tamen
687 560 769 626 haec
792 580 832 627 ex
854 558 986 626 aeolicis
1009 558 1157 628 dialectis
1179 564 1326 646 exempla

195 663 307 748 ,afferri
330 666 478 746 possunt.
501 659 582 727 lesb.
606 655 843 742 ccodyoyotit.
821 659 957 724 t.Eres
980 656 1111 742 Sauppe
1133 659 1166 724 II
1190 663 1243 742 24,
1265 680 1325 726 arc.

144 817 147 828 ,
201 758 330 845 ὕπᾶρχε
354 761 433 842 Teg.
457 778 487 824 v.
511 762 563 840 44,
593 775 682 852 cypr.
712 752 842 840 ἄνωγον
868 754 961 820 lav
962 758 1023 819 ..2
1067 756 1241 822 Praeterea
1267 756 1325 822 huc

201 857 341 942 pertinet
356 855 423 921 dor.
425 853 637 922 aeolicum
618 877 659 941 ης
681 851 732 931 (ci.
749 873 846 936 supra
861 854 881 933 ἓ
897 853 971 919 54.
987 851 1325 930 13):i)o-at=-vcd.

191 960 259 1020 ds:
276 955 360 1020 raa-ti

718 1139 737 1216 s
763 1142 812 1201 11.

287 1275 415 1342 Deinde
436 1275 547 1358 paullo
569 1265 733 1357 copiosius
745 1271 787 1337 de
801 1270 842 1337 iis
863 1271 1076 1338 verborum
1099 1278 1327 1339 contracto·

199 1395 283 1440 rum
312 1372 421 1439 formis
450 1371 676 1454 exponendum
705 1376 768 1452 est,
800 1388 883 1452 quae
905 1369 939 1434 in
960 1371 1111 1437 universo
1134 1371 1325 1437 Graecorum

200 1489 348 1539 sermone
368 1469 513 1535 vocalem
530 1492 548 1553 η
565 1467 728 1550 exhibent,
752 1485 823 1540 eum
845 1467 1034 1548 praesertim
1056 1486 1252 1551 permagnus
1274 1468 1327 1534 ad·

200 1570 385 1637 iectivorum
409 1573 441 1634 et
462 1565 740 1634 substantivorum
763 1582 914 1629 numerus
939 1565 1073 1631 accedat
1094 1567 1137 1631 ab
1159 1565 1227 1632 illis
1250 1566 1327 1633 deri-

199 1674 356 1733 vatorum.
412 1665 573 1748 Exempla
609 1669 699 1728 sunt:
743 1659 992 1748 ἑμετρήσαμες,
1033 1661 1243 1750 πωλήσοντι,
1279 1689 1327 1729 κι-

201 1763 308 1851 νήσω,
335 1761 539 1850 Ιἐφθόνησεν,
570 1757 729 1848 ἄρνησις,
760 1757 934 1846 ἀκίνητος,
963 1757 1149 1847 ἀδόκητος,
1177 1757 1326 1846 αὔλησις,

201 1860 340 1947 ὄρχησις
353 1867 411 1926 etc.
428 1858 593 1942 ετιμάοω,
609 1863 747 1940 τίμαμα,
763 1862 878 1939 μνᾶμα
894 1866 952 1923 etc.
972 1881 980 1923 :
995 1857 1176 1940 μισθώσω,
1192 1862 1329 1940 μίσθω-

201 1983 255 2036 σις
270 1965 330 2025 etc.
367 1958 456 2024 Haec
472 1959 499 2024 si
516 1976 694 2040 comparas,
717 1957 829 2038 regula
851 1955 1054 2040 conspicitur,
1078 1976 1141 2040 qua
1163 1957 1197 2022 in
1217 1957 1327 2024 formis
1349 2019 1357 2034 ,

199 2057 370 2122 verborum
385 2060 617 2120 contractorum
633 2079 653 2140 η
670 2058 819 2138 apparet,
843 2054 870 2119 si
892 2073 1047 2136 praesens
1062 2060 1190 2137 tempus
1205 2054 1240 2118 in
1255 2079 1326 2138 -eco,

200 2155 230 2231 ἆ,
252 2153 328 2220 siin
343 2149 422 2231 -άω,
446 2174 483 2229 ω,
506 2151 533 2216 si
548 2150 582 2215 in
597 2147 663 2215 -όω
685 2151 889 2234 terminatum
912 2171 1016 2235 neque
1038 2152 1064 2218 si
1086 2171 1238 2234 graecum
1261 2159 1329 2218 tan·

199 2256 266 2314 tum
290 2268 470 2320 sermonem
492 2254 637 2330 spectas,
666 2246 751 2314 aliae
773 2255 869 2331 atque
891 2253 926 2327 ᾶ,
952 2273 988 2334 η,
1013 2273 1039 2312 ω
1062 2251 1191 2316 vocales
1214 2270 1327 2334 cogno·

199 2354 339 2430 seuntur,
367 2346 401 2412 in
430 2364 510 2427 quas
532 2351 651 2411 exeant
677 2346 793 2430 stirpes
820 2346 948 2411 illorum
977 2346 1157 2413 verborum.
1202 2350 1326 2415 Tamen

198 2444 292 2510 nobis
313 2444 356 2509 ad
379 2442 561 2525 antiquiora
581 2450 728 2528 tempora
749 2442 990 2509 ascendendum
1012 2452 1075 2528 est;
1103 2464 1179 2510 nam
1203 2445 1326 2513 etiamsi

179 2543 259 2609 .hoc
279 2542 391 2625 negari
414 2546 568 2623 nequeat,
599 2542 696 2624 longe
718 2541 891 2606 maximam
914 2561 1038 2622 eorum,
1069 2561 1152 2623 quae
1174 2563 1261 2610 nunc
1283 2545 1326 2610 vi-

199 2631 327 2723 demus,
362 2638 532 2706 verborum
560 2644 794 2704 contractorum
823 2645 946 2721 partem
975 2639 1060 2704 intra
1090 2639 1190 2723 ipsius
1220 2643 1326 2724 graeci

198 2737 354 2804 sermonis
376 2736 456 2803 fines
471 2756 543 2803 esse
565 2743 685 2817 natam,
709 2729 817 2802 tamen
834 2755 874 2802 ex
889 2756 1014 2802 summa
1028 2736 1220 2819 antiquitate
1232 2739 1326 2805 ¹haud

102 2835 104 2840 '
198 2823 306 2918 pauca
331 2834 425 2900 huius
453 2834 580 2916 generis
610 2833 761 2923 exempla
789 2833 908 2899 tradita
936 2853 1014 2900 esse
1036 2834 1241 2901 manifestum
1269 2844 1325 2904 est.

197 2931 335 2997 Intimae
365 2932 450 2996 enim
481 2931 680 3014 cognationis
702 2931 830 2996 vinculo
852 2949 1039 3012 graecorum
1061 2931 1230 2998 verborum
1254 2954 1325 3001 con·

197 3034 368 3094 tractorum
396 3028 620 3094 formationem
650 3047 720 3093 cum
750 3028 1026 3095 sanseriticae
1054 3028 1188 3111 linguae
1216 3031 1324 3098 formis

198 3124 352 3192 derivatis
374 3125 407 3188 in
430 3124 546 3208 -ojc'rmi
566 3145 721 3192 conexam
745 3145 816 3192 esse
838 3124 893 3189 vix
916 3132 964 3191 est
986 3124 1071 3208 quod
1093 3147 1253 3195 moneam.

283 3219 376 3300 Quod
398 3241 469 3287 cum
491 3222 538 3287 ita
559 3223 616 3305 sit,
647 3223 870 3290 Schleioherus
890 3226 1031 3306 ·(comp.,³
1054 3225 1128 3300 345)
1150 3225 1236 3292 hane
1258 3247 1326 3295 vcr-

197 3320 308 3385 borum
331 3326 564 3385 contractorum
587 3321 742 3404 originem
765 3320 893 3385 statuit:

197 3405 399 3500 bharajasssjatt'
458 3427 635 3498 repcje-cjsu
722 3428 905 3498 popeje-ojen
1012 3429 1215 3500 xcvoojs-ojece

196 3507 415 3580 a-bharaja·sam
456 3505 612 3578 tarpeja-cc
723 3507 885 3578 ἐφορεᾹε-σα
1013 3505 1188 3578 ἒχροσοᾹε-σα

457 3590 574 3662 τιμάσω,
586 3591 704 3664 ἒτίμασοι
723 3593 850 3664 φορήσω,
866 3589 996 3662 ἑφόρησοι
1009 3594 1158 3664 χροσώσω,
1171 3594 1322 3662 ἐχρύσωσα.

281 3690 432 3755 Attamen
463 3694 540 3771 puto
563 3688 666 3754 virum
688 3687 899 3755 clarissimum
921 3680 1035 3754 iterum
1057 3688 1108 3767 (ci.
1132 3691 1151 3770 ξ
1176 3690 1237 3767 )
1228 3711 1263 3755 1n
1285 3711 1321 3758 eo

197 3784 371 3866 erravisse,
409 3785 494 3869 quod
531 3805 700 3869 graecas
738 3785 1040 3852 contractionis
1077 3787 1193 3868 leges
1230 3787 1321 3854 nihili

195 3882 336 3956 faceret.''
370 3883 469 3948 Nullo
495 3883 597 3963 enim,
627 3885 654 3950 si
677 3883 753 3967 quid
776 3883 859 3966 seio,
888 3881 984 3948 modo
1013 3902 1053 3949 ex
1082 3882 1319 3969 *popajeojecc

196 3977 284 4062 apud
317 3979 438 4046 Atticos
472 3978 635 4066 φορήσει,
673 3981 762 4046 nullo
794 4000 834 4048 ex
867 3978 1121 4066 *xpvcojccjacc
1151 3980 1321 4066 χροοώοει
