2968 4866
240 424 302 487 332
700 407 717 444 ⁸
755 429 847 499 Spiess

239 608 348 668 mento
368 602 418 667 usi
440 611 529 682 sunt,
559 603 747 686 popularem
774 604 918 686 linguam
947 623 1019 668 raro
1046 603 1277 688 admiscentes,
1306 606 1364 672 sed

239 703 293 786 qui
315 703 437 769 leviora
464 702 659 767 carminibus
681 702 747 767 suis
770 701 978 768 celebrabant
1000 706 1032 766 et
1059 703 1247 784 praesentia
1267 704 1365 769 male

239 800 320 866 bant
347 819 463 867 canere
487 799 582 883 quam
612 799 799 884 praeterita,
829 800 1017 882 popularem
1045 798 1191 878 linguam
1216 801 1364 866 insnum

175 975 179 982 .
238 919 330 966 usum
352 905 587 977 converterunt,
609 917 705 980 qnam
728 897 840 980 opicae
855 895 984 961 dialecti
1000 916 1062 979 ope
1083 903 1116 962 et
1137 899 1289 982 exemplo
1312 917 1365 963 ex·
1422 941 1426 950 ·

239 998 415 1063 coluerunt.
460 997 527 1062 Hoc
549 995 644 1060 modo
667 994 784 1059 Dorica
806 1000 838 1059 et
859 994 991 1060 Aeolica
1014 994 1143 1060 dialecti
1165 994 1273 1061 literis
1291 1003 1366 1062 sunt

134 1133 136 1138 ·
239 1095 421 1176 mandatae,
445 1094 486 1159 ad
510 1113 590 1176 quas
611 1112 713 1174 aeque
728 1099 824 1175 atque
839 1091 881 1156 ad
896 1092 1021 1174 epicam
1035 1091 1143 1158 aditus
1166 1099 1238 1157 erat
1261 1094 1366 1177 poetis

239 1193 302 1275 eis,¹
325 1193 379 1274 qui
402 1191 576 1274 posteriore
598 1195 742 1271 tempore
757 1189 897 1278 ‘melicae
918 1190 1025 1273 poesis
1050 1190 1213 1273 principes
1236 1191 1366 1257 exstite-

238 1297 326 1372 runt,
359 1297 393 1354 ut
426 1288 604 1370 repudiatis
631 1305 713 1369 quae
746 1287 959 1352 reconditiora
991 1294 1023 1353 et
1055 1288 1234 1369 singularia
1268 1288 1366 1354 babe-

238 1386 355 1451 bantur
380 1388 451 1470 jam
481 1385 637 1450 dialectus
666 1382 808 1465 oriretur,
844 1403 927 1469 quae
955 1384 1097 1450 omnium
1125 1385 1366 1467 quodammodo

239 1484 433 1550 Graecarum
462 1483 608 1566 stirpium
637 1485 814 1549 communis
845 1483 1016 1566 rideretur,
1052 1483 1182 1564 qualem
1214 1503 1304 1548 nunc
1331 1483 1365 1548 in

238 1581 370 1647 Pindari
391 1582 585 1646 carminibus
608 1580 832 1663 conspicimus.

287 1707 289 1710 ·
324 1678 403 1744 (ium
433 1679 529 1763 igitur
557 1678 590 1744 in
616 1679 812 1760 singulorum
844 1684 1009 1761 poetarum
1035 1675 1181 1744 dialectis
1209 1679 1303 1760 quasi
1331 1679 1366 1744 in

237 1779 367 1860 speculo
390 1778 561 1860 originem,
591 1796 794 1861 progressus,
823 1782 1021 1857 contextum,
1051 1776 1159 1840 varias
1180 1775 1279 1843 sedes
1301 1797 1368 1842 me·

175 1891 178 1896 ·
236 1875 319 1941 licae
346 1875 453 1959 poesis
475 1894 757 1957 recognoscamus,
787 1892 905 1956 operae
926 1893 1005 1938 sane
1032 1873 1170 1957 pretium
1194 1882 1245 1940 est
1274 1894 1367 1939 accu-

237 1973 337 2038 ratius
367 1974 400 2037 in
435 1994 490 2038 eas
520 1975 690 2055 inquirere.
735 1971 804 2036 Hoc
837 1992 901 2036 non
931 1969 1080 2037 Abrensii
1112 1971 1275 2053 interfuit,
1310 1975 1366 2054 qui

237 2071 420 2136 certissimis
450 2070 623 2154 exemplis,
658 2069 772 2152 quibus
804 2069 914 2134 variae
945 2068 1117 2134 mixtarum
1150 2068 1365 2144 dialectorum

236 2173 344 2250 partes
372 2174 568 2248 notarentur,
598 2173 781 2248 contentus,
812 2171 912 2231 totam
930 2165 1107 2242 ,materiam
1138 2165 1306 2233 effundere
1332 2175 1367 2233 et

38 2253 39 2260 '
136 2293 138 2298 ⁸
236 2283 403 2331 recensere
430 2265 570 2329 nolebat.
614 2265 740 2329 Desunt
761 2262 866 2328 adbuc
893 2270 1020 2346 praeter
1041 2261 1249 2342 Pindarum2)
1272 2285 1367 2330 accu-

236 2362 370 2428 ratiores
399 2362 614 2445 quaestiones.
658 2360 791 2426 Videtur
813 2367 919 2425 autem
947 2359 1038 2424 nulla
1059 2378 1111 2425 res
1133 2379 1151 2425 e
1173 2360 1365 2428 melicornm

234 2458 431 2542 fragmentis,
455 2480 537 2542 quae
559 2459 677 2542 insigni
702 2458 847 2524 doctrina
868 2465 900 2524 et
921 2457 1090 2540 diligentia
1105 2477 1123 2524 e
1138 2457 1387 2540 grammatico'

177 2571 185 2579 ’
233 2578 313 2639 rum,
337 2559 548 2639 metricorum,
571 2557 846 2642 philosophorum,
867 2555 1001 2620 aliorum
1018 2555 1143 2640 scriptis
1159 2557 1365 2640 collegerunt

234 2655 293 2721 viri
317 2656 418 2739 docti,
449 2656 562 2721 melius
585 2656 707 2721 restitui
737 2673 833 2738 posse
855 2673 950 2737 quam
973 2651 1103 2718 dialecti
1132 2653 1364 2737 intelligentia.

235 2755 319 2820 Nam
348 2755 398 2820 bis
425 2753 681 2837 quaestionibus,
711 2770 794 2834 quae
822 2752 906 2817 serie
935 2751 1162 2817 vocabulorum
1191 2753 1301 2818 soluta
1328 2755 1363 2820 in

233 2851 367 2934 singulis
390 2852 522 2917 vocibus
544 2870 582 2917 ac
603 2851 713 2916 formis
735 2855 912 2930 versantur,
934 2870 1000 2914 non
1023 2856 1072 2914 cst
1092 2849 1363 2932 impedimentum

233 2949 376 3013 lacerata
405 2947 530 3014 illorum
560 2948 671 3015 forma.
722 2948 873 3013 Attamen
901 2953 1021 3013 rectum
1046 2945 1205 3030 judicium
1237 2947 1364 3014 duabus

235 3044 276 3111 de
298 3045 402 3111 causis
423 3046 604 3130 impeditur.
635 3048 682 3110 Ao
704 3045 840 3129 primum
857 3043 986 3127 quidem
1008 3043 1090 3110 levis
1106 3049 1154 3110 est
1168 3043 1254 3112 fides
1273 3048 1364 3112 testi-

233 3143 420 3208 moniorum.
451 3144 535 3208 Nam
551 3163 620 3208 cum
637 3145 754 3221 omnia,
778 3163 861 3226 quae
875 3142 976 3209 literis
998 3148 1228 3227 propagantur,
1252 3144 1364 3210 multis

234 3241 421 3326 corruptelis
442 3241 607 3320 laborant,
631 3247 698 3306 tum
721 3240 779 3306 illa
801 3241 952 3322 frustula,
979 3259 1061 3322 quae
1083 3258 1199 3322 prosae
1222 3241 1362 3307 orationi

232 3339 400 3422 interjecta
422 3359 499 3423 prae
521 3339 683 3404 scierunt
706 3337 878 3404 dialectum
899 3359 921 3403 a
942 3337 1068 3420 vulgari
1089 3335 1249 3421 alienam;
1276 3357 1362 3421 quae

231 3438 328 3520 igitur
353 3458 376 3504 a
404 3437 589 3520 vulgaribus
618 3435 727 3501 formis
756 3435 861 3502 minus
892 3435 1071 3515 distabant,
1104 3435 1139 3498 in
1168 3434 1228 3500 bas
1257 3435 1360 3516 abire,

232 3554 315 3618 quae
337 3543 430 3602 erant
452 3533 651 3613 obscuriora,
681 3533 838 3617 corrumpi
860 3531 1025 3615 solebant3
1055 3530 1136 3596 haec
1158 3530 1280 3598 menda
1302 3532 1361 3598 cri·

133 3653 135 3659 ·
231 3634 286 3699 tici
308 3633 434 3700 iacilius
450 3633 577 3713 tollunt,
600 3632 659 3696 illa
674 3651 798 3711 sanare,
822 3650 894 3695 cum
907 3651 972 3696 non
996 3649 1077 3713 pura
1092 3628 1360 3710 aliqua‘dialeeto

231 3739 347 3814 poetae
375 3736 506 3796 utantur
513 3777 521 3811 ,
551 3749 589 3796 eo
617 3729 771 3812 majorem
800 3728 900 3793 habet
927 3725 1165 3822 difficultatem,
1200 3726 1288 3809 quod
1317 3747 1359 3793 ne

231 3829 324 3894 metri
349 3828 479 3911 quidem
507 3827 717 3893 certissimum
745 3824 899 3891 indicium
927 3825 1045 3908 ubique
1066 3823 1225 3890 adhibere
1247 3844 1358 3908 possu-

236 4076 245 4097 .
302 4035 323 4100 ¹)
340 4036 410 4103 Aug.
428 4037 509 4090 Peter
526 4035 568 4092 De
585 4035 699 4090 dialecto
717 4033 836 4113 Pindari.
872 4032 952 4088 Helle
972 4037 1046 4088 1866.
1147 4055 1155 4068 ·
