2978 4872
243 360 283 422 60
594 345 598 352 ’
740 361 872 416 Bauuack

370 532 542 621 dyeyog·
572 529 756 619 ἄγωμεν·
782 528 968 618 Ἀργεῖοι
991 534 1072 610 (cod.
1096 532 1242 619 ἅγωγίς).

244 632 314 699 (lui
331 629 775 718 dy-m-yccrespondet
795 629 836 695 in
858 631 1002 714 lingua
1024 633 1229 699 sanserita
1251 628 1352 714 αρ’-1-

242 753 314 796 oos
342 737 374 798 et
403 728 452 795 ud.
476 729 700 792 oz-d-oolri.
745 727 941 795 Terminatio
971 751 1024 814 γις
1052 731 1149 813 igitur
1174 729 1254 794 nihil
1274 726 1353 792 aliud

243 828 305 896 uisi
336 849 405 902 oar,
436 847 530 910 quam
560 827 691 910 linguae
713 826 811 893 Asiae
839 834 996 910 cognatae
1023 833 1147 894 tutatae
1173 831 1262 908 sunt,
1290 844 1353 893 esse

243 926 320 992 mihi
349 926 485 992 videtur.
529 946 582 1009 γις
612 945 653 991 ex
680 945 735 986 coc
762 931 865 989 ortum
893 931 942 992 est
971 925 1016 991 uti
1045 924 1175 991 dialecti
1201 923 1353 991 cuiusdam

243 1027 345 1090 forma
372 1027 504 1108 γισ-τία
534 1027 598 1106 (ap.
627 1020 767 1106 Hesyeh.
800 1019 938 1106 ἐσχάρα)
968 1041 1009 1088 ex
1037 1021 1200 1090 *accola
1232 1021 1352 1099 (ἑσ-τία)

243 1122 264 1187 i.
288 1141 315 1187 e.
344 1119 484 1184 *ver-tio
512 1120 611 1198 (Ourt.
641 1121 764 1205 seyme
793 1141 825 1203 p.
849 1122 939 1202 460),
970 1128 1006 1186 ut
1035 1118 1168 1202 ἱμάτιον
1198 1140 1238 1187 cx
1264 1117 1354 1182 *reo-

243 1217 364 1302 μάτιον
397 1219 450 1285 vel
483 1218 599 1285 rectius
631 1214 861 1299 *fao-prolator
892 1217 960 1296 (cfr.
994 1237 1114 1284 sansor.
1149 1237 1299 1281 eas-mon·
1328 1223 1355 1282 el

244 1319 444 1395 vas-onam),
460 1322 494 1381 ut
508 1321 584 1400 ylcp
601 1319 665 1399 (ap.
682 1315 820 1400 Hesych.
836 1313 910 1400 ἔαρ)
927 1334 967 1382 ex
984 1314 1131 1399 *sco-ap
1147 1317 1167 1380 i.
1184 1334 1212 1381 c.
1230 1313 1355 1378 *ecc-ur
1448 1305 1449 1382 l

245 1415 312 1487 (cfr.
342 1432 463 1480 sanscr.
492 1423 683 1498 vos-oota-r,
712 1413 761 1479 ud.
789 1409 962 1488 caat-rol.
1007 1415 1063 1480 De
1093 1412 1281 1496 digammi
1305 1410 1355 1476 vi·
1448 1451 1449 1456 κ

244 1510 353 1578 cario
375 1532 395 1595 y
418 1509 545 1577 disertis
566 1510 757 1578 testimoniis
779 1509 904 1577 traditis
926 1517 1051 1576 constat
1072 1529 1184 1592 voces,
1216 1529 1295 1593 quae
1315 1508 1354 1573 di·
1448 1549 1449 1552 =

244 1628 371 1692 gammo
386 1608 562 1691 antiquitus
577 1616 668 1676 erant
681 1610 864 1691 instructae,
888 1605 1017 1692 saepius
1032 1607 1119 1692 apud
1141 1608 1355 1689 grammaticos

244 1713 277 1773 et
297 1706 547 1790 glossographos
568 1729 589 1791 y
610 1708 643 1773 iu
665 1707 769 1773 fronte
790 1707 921 1773 habere.
951 1706 991 1771 ld
1005 1707 1145 1772 maxime
1166 1706 1201 1771 in
1215 1701 1356 1790 Hesychr'i
1447 1755 1448 1766 ,

204 1792 208 1805 ’
244 1805 348 1870 lexico
371 1805 579 1888 conspicitur;
610 1806 755 1871 conferas
777 1808 845 1888 γίς·
869 1800 971 1884 ἰσχύς,
994 1809 1106 1888 prata·
1130 1800 1214 1882 ἰτέα,
1236 1798 1354 1886 propia·
1447 1857 1448 1894 p

246 1899 348 1982 ἰσχύν.
380 1902 492 1984 Neque
512 1904 672 1986 exempla,
695 1923 779 1986 quae
794 1901 901 1968 media
922 1901 957 1966 in
978 1898 1161 1967 voeeillud
1180 1922 1200 1984 γ
1216 1897 1356 1982 digammi
1447 1925 1448 1946 r

243 1998 397 2064 vicarium
420 2000 613 2081 praebeant,
643 1999 774 2066 desunt:
812 1999 914 2065 habes
936 1999 1022 2065 euim
1044 1994 1257 2081 ἀγατᾶσθαι·
1284 1993 1356 2078 βλά-

245 2099 414 2175 πτεσθαι,
444 2093 629 2182 ἆγάτημαι·
651 2095 859 2180 βέβλαμμαι,
889 2093 1059 2180 μώλυγερ·
1088 2093 1130 2159 τὰ
1152 2091 1256 2175 ἄνοζα
1277 2093 1355 2175 ξύλα,
1447 2157 1448 2178 p

242 2192 299 2257 ubi
322 2191 484 2274 digamma
506 2213 547 2259 cx
569 2195 673 2258 vocali
696 2213 778 2277 quae
799 2194 962 2260 antecedit
976 2201 1012 2259 ut
1032 2194 1066 2258 in
1088 2194 1217 2278 cyprico
1240 2192 1357 2259 nomine
1447 2219 1449 2256 ῑ,

246 2285 501 2367 Eds-didonem
531 2289 630 2366 (Ourt.
660 2292 750 2358 Stud.
773 2292 835 2357 VII
863 2313 895 2375 p.
919 2295 996 2373 228,
1031 2291 1080 2356 cui
1106 2290 1282 2375 respondet
1302 2286 1357 2355 Εὐ·
1447 2333 1448 2380 p

246 2385 359 2452 έλθων
388 2387 421 2451 in
451 2388 601 2472 delphica
628 2389 836 2472 inscriptione
862 2392 916 2470 18,
940 2392 1001 2455 218
1031 2409 1084 2472 ap.
1106 2388 1312 2457 Weschcrum
1332 2394 1358 2454 et
1447 2381 1448 2384 ’

246 2484 461 2561 Foucartium)
485 2491 517 2551 et
539 2486 572 2552 iu
594 2487 737 2552 laconico
757 2482 951 2573 Εὐβ-άλκης
972 2489 1072 2565 (1631
1097 2489 1133 2550 17
1158 2507 1210 2571 ap.
1235 2488 1359 2553 Foucar·
1448 2567 1449 2574 ἵ

245 2583 324 2648 tium
346 2583 380 2648 in
402 2583 493 2666 libro,
523 2586 576 2668 qui
605 2584 831 2668 „Explication
855 2585 912 2650 des
934 2584 1138 2668 inscriptions
1159 2604 1312 2668 grecqucs
1332 2588 1359 2650 et
1447 2589 1449 2667 p

245 2681 383 2748 latines“
405 2681 597 2759 inscribitur)
622 2690 671 2750 est
692 2688 833 2763 enatum,
856 2701 916 2748 nec
937 2683 1043 2748 minus
1065 2677 1197 2768 dppvyp‘
1222 2683 1360 2762 (Theocr.
1447 2673 1448 2736 ἒ

247 2782 297 2862 36,
315 2784 345 2855 7)
369 2779 505 2846 eandem
520 2781 787 2864 permutationem
803 2799 901 2864 pessa
916 2785 965 2846 cst
987 2779 1085 2857 (Ourt.
1100 2781 1225 2863 Etym.⁴
1240 2801 1272 2864 p.
1284 2781 1359 2855 586).

246 2879 351 2957 Atque
366 2876 464 2941 etiam
479 2896 520 2941 ex
535 2878 796 2961 inscriptionibus
811 2877 961 2960 exempla
975 2876 1082 2943 afferri
1099 2884 1243 2960 possunt.
1274 2877 1361 2943 Nam·
1447 2940 1448 2949 ,

247 2993 309 3054 que
343 2973 440 3038 ionici
475 2974 613 3040 nominis
649 2982 823 3058 genctvum
855 2972 1014 3059 Νέγωνος
1050 2973 1153 3051 (Stud.
1187 2975 1216 3038 V
1253 2996 1285 3058 p.
1307 2975 1360 3038 169
1447 2987 1449 3030 l

247 3089 293 3135 vs.
318 3073 349 3144 2)
373 3089 414 3134 ex
435 3068 596 3148 Νέρωνος
619 3073 686 3150 (cfr.
709 3092 829 3139 sausor.
851 3093 971 3147 oceo-s,
994 3072 1050 3137 let.
1073 3091 1184 3146 nocco,
1207 3071 1361 3156 cypricum
1448 3079 1449 3146 ξ

246 3165 449 3233 verberator
471 3203 514 3214 —
536 3168 625 3234 Stud.
650 3169 713 3234 VII
740 3190 771 3253 p.
795 3173 855 3235 237
880 3175 934 3246 -)
963 3175 1065 3234 ortum
1095 3189 1166 3236 csse
1193 3169 1360 3242 arbitror.¹l
1448 3167 1449 3222 l

247 3265 331 3333 Dein
353 3266 486 3332 alterum
504 3267 685 3350 exemplum
708 3267 967 3352 pamphyliarum
989 3265 1231 3350 inscriptionum
1253 3285 1362 3331 nomen

247 3361 439 3449 Νεγόπολις
455 3369 512 3445 cst,
536 3362 577 3429 dc
593 3383 654 3446 quo
669 3363 912 3447 Siegismundus
931 3363 1013 3430 stud.
1029 3363 1078 3430 IX
1101 3385 1132 3447 p.
1149 3366 1190 3429 96
1213 3363 1361 3446 exposuit.
1448 3359 1450 3389 '

318 3500 336 3564 ¹)
354 3497 482 3552 Similiter
494 3497 603 3567 Delphli
621 3497 760 3552 cuiusdam
772 3497 881 3564 (Herod.
894 3501 918 3562 6,
931 3501 973 3561 66)
987 3511 1085 3551 nomen
1099 3492 1200 3563 Κόβων
1211 3511 1246 3550 ex
1257 3497 1361 3548 Koa-or

246 3593 263 3633 a
280 3579 373 3633 radice
390 3596 441 3631 xor
459 3579 544 3645 (Ourt.
562 3579 652 3649 Etym.
670 3596 696 3648 p.
716 3583 777 3645 1513
795 3577 890 3629 Κό-ων
908 3577 1018 3645 saepius
1035 3576 1187 3644 invenitur),
1206 3573 1360 3646 Syracusani

248 3659 386 3714 cuiusdam
408 3674 506 3714 nomeu
524 3657 633 3712 Βάλκων
658 3659 746 3724 (Diod.
764 3658 818 3712 Sic.
839 3663 879 3721 11,
898 3661 940 3723 91)
964 3672 998 3712 ex
1021 3655 1143 3708 fita-oa
1160 3671 1177 3710 a
1194 3656 1287 3712 radice
1308 3656 1359 3709 fria

247 3739 331 3804 (curt.
349 3739 437 3810 Etym.
455 3757 481 3809 p.
503 3744 572 3804 136),
597 3739 751 3796 laconicum
768 3736 932 3805 Καβωνῖδας
954 3741 1013 3804 (168
1037 3753 1080 3807 ap.
1098 3737 1276 3793 Foucartium
1298 3737 1314 3790 l.
1330 3739 1358 3799 c.)

247 3835 281 3875 ex
300 3821 475 3877 Kos-ovidae
493 3837 510 3875 a
526 3821 619 3876 radice
641 3839 694 3873 xor
719 3820 804 3883 (Gurt.
823 3819 912 3889 Etym.
930 3835 956 3887 p.
979 3824 1049 3886 144),
1072 3833 1165 3875 rocem
1188 3816 1261 3886 apud
1282 3816 1357 3884 Hesp

248 3901 337 3956 chium
354 3904 504 3956 exstantem
521 3903 677 3974 κάβ-αρνοι·
697 3897 725 3952 οἱ
741 3902 788 3963 τῆς
798 3897 940 3968 Δήμητρος
959 3895 1046 3970 ἱερεῖς,
1066 3897 1101 3956 ὠς
1116 3899 1218 3968 Πάριοι
1229 3898 1264 3952 ab
1276 3896 1357 3951 eadem

246 3980 338 4036 radice
355 3979 454 4036 derivo.
