2986 4864
248 421 310 482 400
772 428 848 496 Ruga

246 599 298 660 vin
313 598 442 670 malum
466 617 549 682 quae
565 599 697 666 Brealus
713 601 754 666 de
776 601 836 667 hoo
857 602 929 666 loeo
945 600 1080 687 disserit,
1103 623 1146 670 ne
1163 605 1231 672 veri
1255 607 1368 675 similia

246 695 375 782 quidem
398 701 482 762 sunt.

325 802 354 880 b)
378 810 449 870 eetu
465 802 525 869 ehe
541 820 597 867 esu
613 801 712 885 poplu
733 801 789 878 (ito
805 821 845 866 ex
861 801 921 867 hoo
936 802 1079 886 populo).
1101 804 1167 870 tab.
1185 762 1258 871 Vll.
1275 827 1303 872 a.
1319 813 1365 873 45.

333 923 522 1004 Plerumque
544 928 649 987 autem
682 920 928 1004 praepositionis
957 921 1027 986 loeo
1057 921 1137 988 illud
1167 922 1316 1012 suffixum
1338 936 1367 990 ta

247 1027 303 1100 (lo)
326 1020 359 1085 in
382 1040 440 1085 usu
463 1026 526 1102 est,
558 1037 691 1100 quonum
714 1018 849 1083 latinum
872 1027 922 1081 tus
945 1019 1115 1098 (diuinitas)
1140 1022 1308 1108 oohaeret3
1335 1033 1366 1088 tu

245 1119 387 1186 ablativo
410 1115 581 1200 suffigitur:
794 1115 799 1126 '

373 1231 493 1293 akrutu
515 1234 569 1301 (ex
590 1229 690 1309 agro).
725 1225 762 1290 V.
785 1245 814 1290 a.
838 1228 867 1290 9.

373 1324 432 1390 dur
454 1325 568 1391 tefruto
591 1331 711 1389 tasetur
739 1322 989 1406 persnihimumo
1020 1324 1096 1402 (duo
1118 1343 1159 1391 ex
1182 1345 1260 1409 rogo
1282 1329 1365 1395 taciti

243 1430 420 1509 precentor,
445 1421 585 1497 Bueohl.
616 1420 686 1484 VII.
710 1439 739 1484 a.
762 1424 813 1486 46.

371 1521 502 1603 angluto
532 1516 694 1597 hondomu
723 1518 874 1599 anglome
903 1537 991 1584 somo
1019 1519 1072 1596 (ab
1095 1520 1216 1602 angulo
1239 1523 1303 1589 imo
1324 1525 1363 1591 ad

242 1621 394 1704 angulum
417 1621 597 1692 summum).
631 1615 696 1680 tab.
721 1614 774 1679 Vl.
798 1634 825 1680 a.
850 1618 879 1680 9.

271 1751 277 1760 ·
328 1743 361 1816 2)
397 1737 555 1819 Lingua
578 1754 682 1800 osea.
1281 1789 1286 1793 .

328 1843 358 1910 n)
396 1834 565 1901 Ablativus
598 1852 697 1915 purus
729 1851 827 1915 saepe
863 1832 897 1896 in
930 1833 1068 1898 nummis
1104 1833 1231 1916 legitur,
1270 1856 1362 1919 quare

242 1937 456 2001 Mommsenus
479 1932 530 2008 (U.
552 1931 576 1994 l.
598 1931 651 2008 D.)
676 1929 749 1994 hino
771 1949 862 1994 usum
885 1930 917 1993 in
940 1931 1084 2013 linguam
1106 1931 1244 2002 latinam
1267 1940 1363 2000 trans·

241 2032 316 2097 iisse
331 2029 464 2113 putavit.
496 2026 713 2098 Alsadunm'ott
742 2026 872 2099 Tinnud,
897 2024 1066 2091 Sz’dr'lsr'nod
1086 2030 1152 2106 (lat.
1168 2030 1359 2104 Beraventod‚

241 2127 411 2203 Ladrnorl).
449 2126 509 2191 Hie
522 2127 634 2190 titulus
650 2126 719 2190 sine
735 2124 832 2190 dubio
848 2123 1022 2206 signifieat:
1045 2146 1193 2193 nummus
1209 2129 1361 2212 quiverit

240 2226 436 2292 Benevento.
1042 2227 1044 2238 '

311 2307 405 2387 Aliae
417 2338 542 2403 quoque
553 2320 585 2383 in
596 2318 733 2383 nummis
743 2319 965 2402 inscriptiones
977 2327 1063 2402 sunt3
1076 2321 1250 2388 looativus:
1264 2323 1360 2386 Fron·
1473 2363 1474 2404 p

239 2417 300 2482 trel
316 2423 413 2496 (ose).
436 2454 477 2465 -
492 2416 633 2481 Lndinez’
647 2417 736 2494 (lat).
754 2452 793 2460 -
809 2417 891 2480 Tum
906 2417 1121 2484 nominativus
1137 2426 1169 2484 et
1184 2422 1359 2502 genetivus.

366 2537 495 2604 eisuoen
524 2535 649 2600 zioulud
675 2555 841 2600 eomonom
869 2536 902 2600 ni
931 2535 1023 2619 hipid
1051 2537 1104 2614 tab
1130 2537 1188 2601 illo
1211 2539 1290 2606 iude
1312 2539 1360 2606 die

238 2636 366 2702 nomilia
388 2655 429 2702 ne
451 2634 619 2711 habuerit).
653 2633 718 2698 tab.
743 2634 870 2698 Bantia.
896 2639 944 2698 17.

366 2733 452 2798 viass
476 2779 508 2796 ..
531 2730 658 2797 imaden
681 2751 821 2813 uupsens
844 2731 924 2807 (vias
947 2731 988 2796 ab
1010 2731 1076 2796 ima
1097 2730 1173 2796 inde
1196 2733 1360 2814 ieoeruntl.

237 2830 269 2896 X
306 2836 344 2895 10
367 2829 449 2894 unu.

271 2879 279 2913 ²
322 2931 519 3015 Praepositio
534 2931 628 2996 huius
643 2930 770 3013 generis
786 2929 928 2996 ablativo
946 2949 1111 3012 nusquam,
1131 2930 1218 3012 quod
1234 2931 1357 3015 seimus,

236 3027 357 3094 addita.
371 3036 428 3094 est.

539 3137 703 3192 Terrarum
725 3135 907 3204 urbiumque
927 3135 1059 3191 nomina.

321 3233 601 3306 Urbium‘nomina
616 3240 732 3323 partim
747 3240 817 3306 sola
839 3239 955 3324 partim
971 3259 1043 3306 num
1065 3241 1355 3324 praepositionibus

235 3338 404 3403 ooniuneta
431 3345 606 3421 ponuntur;
636 3358 675 3404 ea
697 3345 803 3404 autem
824 3338 952 3421 regula,
976 3358 1059 3421 quae
1081 3337 1258 3422 posteriore
1281 3344 1356 3404 tem-

234 3455 312 3520 pore
338 3435 508 3518 invenitur,
537 3457 601 3502 non
632 3442 753 3516 exstat,
787 3436 864 3518 quin
892 3436 990 3503 etiam
1017 3435 1050 3499 in
1079 3435 1212 3502 Terenti
1241 3435 1356 3502 fabulis

234 3552 360 3618 semper
381 3533 634 3618 praepositiones
656 3534 822 3617 leguntur3
845 3540 953 3599 tamen
968 3540 1123 3600 terrarum
1139 3531 1272 3600 nomina
1292 3533 1354 3598 iam
1470 3517 1471 3564 ³

233 3638 300 3697 tum
323 3649 425 3715 aeque
447 3651 485 3696 ae
507 3631 652 3714 sequenti
675 3637 819 3714 tempore
842 3635 956 3715 ooopta
977 3638 1052 3696 sunt
1074 3630 1214 3696 trnotari.

318 3733 344 3798 I.
388 3733 601 3798 Terrarum
628 3733 799 3797 nomina.

318 3832 348 3906 a)
375 3833 405 3908 1)
427 3829 553 3896 Aetoli-a
576 3830 669 3914 oepit.
695 3829 902 3912 c.1.1‚534‚
923 3829 989 3896 io.
1012 3827 1167 3913 praedam
1184 3829 1262 3896 inde
1284 3830 1353 3896 abs·
1469 3831 1470 3840 ’

233 3924 314 4086 ῐυῖἱι,
331 3924 378 4096 ldi
394 3944 457 4008 qua
475 3946 509 3995 re
525 3928 634 3994 livius
656 3931 720 4012 (24,
737 3929 794 4010 393
818 3928 861 3993 ofr
873 3929 1087 3994 Mommsenns
1106 3945 1189 4010 quae
1211 3927 1352 4013 disputat

230 4021 252 4085 i.
283 4028 328 4086 .t.
378 4024 510 4104 oquitur.
