2916 4872
212 445 273 510 130
709 447 840 504 Baunaek

209 620 364 707 Hesyohii
379 621 505 704 glossas
519 621 741 708 γηλιῶμενοι·
764 619 993 705 κατεχόμενοι,
1008 619 1215 707 γηλιᾶσθαι·
1239 625 1335 686 κατέ·
1362 693 1365 698 ,

91 800 94 808 .
206 723 342 803 χεσθαι,
364 720 575 807 γηλομίνως·
599 720 892 807 συνειλημμένους,
915 719 1010 787 otiam
1025 715 1214 804 γήνεσθαι·
1237 715 1334 784 κατέ,-

205 821 335 900 χεσθαι
358 816 504 896 (fortasse
526 839 585 904 pro
608 816 846 904 *γέλ-νεσθαι,
872 818 967 882 itaut
982 813 1080 882 εἷλέω
1104 833 1145 880 ex
1165 813 1332 882 *rel-veo
1452 813 1453 838 ¹

209 915 364 998 originem
387 915 507 981 habere
529 915 686 998 videatur,
710 916 743 982 id
766 915 851 1000 quod
869 916 1070 999 Brugmanus
1092 911 1183 979 sono.
1200 913 1255 998 IV,
1278 919 1356 1012 122ι

162 1044 163 1048 “
209 1019 241 1080 et
264 1012 389 1080 Curtius
411 1013 506 1078 Verb.
529 1013 554 1094 1,
578 1018 641 1080 256
663 1015 888 1092 coniecerunt).
932 1011 997 1078 Sed
1020 1009 1120 1077 ulad
1143 1013 1334 1079 voeabulum

206 1107 372 1187 Ἐνυάλιος
387 1109 527 1193 redeam,
551 1107 648 1177 Ἐνυώ
664 1112 733 1177 eius
748 1111 850 1177 torma
865 1109 1100 1196 hypoooristiea
1115 1116 1174 1175 est.
1214 1105 1311 1176 Ἐνυώ
1327 1136 1334 1178 :

204 1201 373 1285 Ἐνυάλιος
386 1237 431 1260 =
446 1208 622 1304 Μενεσθώ
639 1231 646 1273 :
661 1207 891 1296 Μενεσθένης
905 1237 949 1262 =
965 1204 1126 1293 Ἐπαφρώ
1144 1229 1151 1271 :
1166 1203 1335 1294 Ἐπαφρό-

209 1305 326 1462 &weil
365 1395 601 1470 Φίνιιονος,
631 1391 716 1474 quod
745 1391 816 1458 sine
839 1390 935 1456 dubio
958 1411 979 1456 a
1003 1391 1134 1456 Φίλιον
1158 1390 1333 1474 deseendit,

89 1567 90 1570 Ἴ
209 1490 416 1555 mutationem
436 1489 639 1554 Doriensium
662 1490 823 1574 propriam
844 1489 934 1567 (Ahr.
958 1489 1000 1568 11,
1027 1475 1099 1566 119)
1121 1508 1256 1572 passum
1278 1496 1333 1555 est.

209 1585 349 1653 Primum
372 1587 466 1652 huius
488 1588 673 1654 mutationis
694 1580 911 1654 testimonium
935 1586 1175 1670 epigraphioum
1204 1587 1333 1654 tabulae
1450 1589 1451 1660 l

209 1685 449 1756 Heraoleensos¹
464 1685 681 1768 praebuerunt
704 1688 880 1763 (Φιντίας).
926 1683 1019 1763 Quod
1041 1684 1069 1750 is
1090 1704 1159 1750 mos
1182 1685 1280 1750 etiam
1301 1685 1332 1749 in

208 1781 401 1850 arnadioa
423 1782 629 1867 inscriptione
651 1783 822 1863 invenitur,
845 1782 1027 1848 mirandum
1047 1789 1106 1848 est.
1141 1782 1214 1861 Qua
1236 1783 1278 1850 do
1298 1801 1332 1848 re

208 1880 343 1948 fortasse
365 1882 426 1946 hoe
448 1879 544 1946 modo
566 1881 772 1946 iudicandum
789 1885 856 1961 ests
870 1887 905 1945 ut
925 1880 985 1946 hoe
1000 1899 1117 1946 nornen
1133 1899 1174 1946 ex
1196 1880 1332 1946 dialeoto

208 1978 317 2044 doriea
345 1980 379 2043 ln
409 1979 568 2044 Arcadum
597 1979 729 2044 nomina
757 1977 1002 2060 transmigrasse
1031 1977 1184 2044 dieamus.
1231 1978 1333 2062 Aptis-

210 2077 291 2144 sima
313 2075 373 2140 hae
396 2094 466 2141 eum
488 2076 665 2141 mutatione
688 2076 865 2159 comparari
886 2082 993 2160 potest
1013 2077 1196 2142 Tzaoonum
1220 2101 1239 2161 ρ
1261 2078 1295 2141 in
1315 2101 1331 2140 ν

208 2172 354 2238 mutandi
376 2191 455 2254 mos,
479 2173 568 2239 ouius
591 2173 779 2263 enemplum·
797 2179 846 2239 est
866 2194 931 2239 vox
951 2173 1134 2256 μοονταίία
1156 2194 1228 2239 oum
1253 2176 1334 2241 laoo·

138 2320 140 2325 -
208 2269 449 2336 nieovooabulo
466 2271 627 2355 μορταλίς
646 2270 773 2336 oollata.
808 2268 855 2336 Ol.
864 2271 1026 2354 Brugman
1037 2270 1129 2337 stud.
1138 2271 1209 2356 VII,
1219 2276 1332 2354 355sq.

209 2366 314 2434 Simili
329 2366 424 2432 modo
439 2366 525 2434 aliae
541 2366 688 2441 dentales
703 2373 952 2435 commutantur:
974 2369 1053 2436 ital
1068 2390 1126 2452 pro
1140 2368 1203 2434 (lin
1218 2370 1331 2454 glossis

208 2465 340 2542 λίσκσς·
366 2463 482 2542 δίσκος
505 2471 537 2531 et
558 2460 819 2550 ἀποπηλώσειν·
843 2461 1088 2552 ἄποπηδιόσειν
1111 2475 1292 2552 usurpatur.

162 2621 163 2626 ,
294 2564 324 2637 3)
368 2562 494 2628 Nomen
523 2583 629 2646 propr.
654 2560 897 2646 Κάβ-αισος
926 2563 1014 2636 (vide
1039 2571 1065 2646 1,
1096 2569 1125 2642 e)
1155 2574 1269 2650 aperte
1293 2586 1331 2632 ex

80 2662 83 2668 '
207 2659 407 2745 Κάβ-αιθος
422 2666 532 2726 natum
549 2667 608 2726 ost.
645 2659 799 2727 Oonieras
815 2657 1110 2741 velinos-arros,
1130 2660 1330 2742 Κύν-αιθος,

210 2758 406 2835 Φίλ-αιθος.
444 2759 550 2824 Etiam
566 2755 832 2840 Α’ίσων3381),
851 2764 899 2840 11,
923 2759 973 2824 oui
989 2761 1090 2840 soah,
1115 2765 1155 2826 50
1178 2764 1218 2824 A
1225 2760 1332 2827 ἰ’θων

207 2856 391 2941 respondet,
414 2855 475 2921 hoe
496 2856 592 2922 modo
615 2861 721 2937 potest
743 2856 907 2940 explioari.
945 2855 1042 2923 Cuius
1064 2858 1162 2924 moris
1184 2858 1332 2943 exempla

207 2973 306 3038 supra
326 2952 501 3018 attulimus.
1418 2947 1422 2960 '

162 3077 164 3080 ’
294 3055 326 3124 4)
363 3049 448 3116 Urbs
473 3050 673 3134 Φιγαλία,
706 3070 768 3133 quo
791 3051 920 3118 nomine
949 3053 1137 3135 plerumque
1159 3073 1180 3118 a
1202 3055 1333 3139 seripto·
1435 3085 1439 3094 r

208 3148 296 3216 ribus
318 3146 510 3230 nominatur,
544 3147 577 3212 in
599 3147 694 3213 inser.
718 3151 808 3214 328a
833 3147 976 3215 Φιαλεία
999 3150 1130 3233 eiusque
1151 3151 1280 3238 incolae
1302 3149 1333 3216 ol

211 3241 355 3321 Φιαλὲες
371 3250 413 3317 (v.
432 3247 480 3328 19,
502 3264 568 3311 aee.
587 3242 736 3323 Φιαλέας
750 3266 798 3313 vs.
817 3251 865 3330 15,
888 3251 939 3329 26,
963 3246 1028 3314 dat.
1047 3245 1209 3326 Φιαίὲοις
1229 3269 1278 3316 vs.
1297 3254 1330 3314 ll

209 3349 242 3410 et
263 3347 317 3420 21)
339 3342 553 3426 appellantur.
597 3343 647 3410 De
670 3345 866 3429 etymologia
890 3346 1028 3412 nominis
1050 3345 1097 3411 nil
1120 3346 1198 3412 eerti
1220 3347 1335 3414 afferro

207 3459 348 3526 possum.
384 3439 423 3505 Id
445 3447 553 3508 tamen
575 3461 634 3525 pro
655 3448 741 3508 eerto
764 3443 994 3527 proposuerim,
1020 3443 1167 3528 Φιγαλία
1189 3463 1262 3510 esse
1283 3463 1335 3510 ve·

207 3539 372 3608 iustiorem
400 3538 535 3604 formam
563 3559 659 3623 quam
684 3538 820 3612 Φιαλία.
864 3539 1051 3624 Comparari
1080 3548 1215 3624 possunt
1241 3564 1334 3627 σιγα-

208 3636 299 3715 λόεις
314 3644 347 3705 ot
363 3637 488 3716 σίαλος,
513 3633 626 3722 ὀλίγος
642 3645 674 3705 et
688 3627 935 3705 Tarentinorum
952 3635 1054 3718 ὀλίος,
1077 3637 1163 3724 ἐγών
1179 3646 1212 3706 el
1229 3640 1333 3706 boeot.

207 3734 310 3802 forma
340 3733 408 3814 ἰών,
443 3730 591 3821 ἅγήγοχα
622 3742 654 3802 et
682 3732 811 3823 ἆγήοχοι
839 3736 939 3814 (Ourt.
970 3737 1094 3821 Erymo
1123 3739 1202 3820 599,
1238 3739 1334 3805 Verb.

209 3832 252 3912 ΙΙ,
281 3837 365 3909 214).
869 3827 877 3840 ’

152 3925 156 3935 ’
296 3934 327 4006 5)
364 3931 415 3998 De
443 3931 645 3997 vooaliom
673 3931 978 3998 attenuationis
1001 3931 1159 4014 exemplis
1180 3951 1334 3999 memora-

209 4025 329 4117 bilibus
350 4027 427 4094 ride
448 4046 545 4112 supra
566 4049 598 4112 p.
622 4032 672 4095 83.
723 4027 852 4096 Vooalis
875 4053 891 4095 ε
914 4029 948 4094 in
972 4053 985 4093 ι
1007 4030 1184 4095 attenuatio
1207 4031 1272 4096 iam
1296 4047 1333 4096 ex
