2916 4872
476 461 599 518 Schedae
615 463 815 532 grammaticae.
1170 465 1211 527 99

100 635 308 721 τροίβαινον;
332 634 451 702 similia
473 643 547 702 sunt
568 639 718 723 exempla
738 637 902 722 μούδόκει
925 659 982 724 pro
1005 640 1064 721 pol
1087 637 1211 719 ἐδόκει,

100 730 188 818 οὑμοί
207 753 263 818 pro
287 730 322 798 οἰ
343 731 429 815 ἐμοί,
455 731 570 819 μούγοί
592 756 651 820 pro
672 738 732 819 μοί
754 735 832 823 ἐγώ.

175 837 222 910 10)
260 826 512 898 εἰσ-ἰ-οντο·
537 830 791 921 οἰοήρχοντο

99 930 160 996 sine
185 928 281 995 dubio
310 928 407 994 medii
429 928 606 1014 imperfecti
634 952 773 1017 persona
793 931 889 1000 tertia
910 931 1045 1016 pluralis
1066 937 1125 998 est.
1168 931 1213 998 Ut

98 1027 240 1094 mediales
262 1027 353 1094 verbi
370 1023 442 1108 εἰμί
455 1026 577 1094 formae
592 1039 759 1096 occurrunt
777 1027 859 1106 (δυο,
883 1018 974 1115 ἦντο,
997 1027 1142 1112 ἐοομαι),
1165 1028 1213 1094 ita

99 1123 267 1190 εἰσ-ἰ-οντο
291 1125 332 1190 ab
356 1121 452 1190 εἰσίω
475 1145 534 1209 pro
557 1123 683 1211 ε’ίσειμι
705 1126 884 1195 derivatum
907 1133 965 1193 est.

174 1226 222 1300 11)
253 1219 321 1286 ἰον·
338 1219 520 1308 ἀφίκοντο·
537 1219 656 1300 clauos.
677 1222 863 1309 πρόβατον.
887 1220 1023 1308 είρπον·
1039 1224 1096 1289 καί
1111 1220 1212 1306 βέλος

99 1317 220 1399 τοξικδν
242 1320 301 1384 καὶ
328 1317 432 1401 μόνον
456 1313 479 1407 ἢ
501 1319 643 1408 σκώληξ.
688 1323 777 1389 Haec
805 1324 915 1406 glossa
943 1321 1041 1388 hasce
1068 1320 1213 1404 singulas

97 1417 319 1500 complectitur:
1034 1431 1036 1440 ‘

169 1515 199 1580 al
236 1512 321 1578 ἰὀν·
352 1509 563 1599 ἐφίκοντο
590 1519 660 1600 (pro
682 1510 856 1601 πρόβατον
880 1516 978 1583 velim
1000 1510 1213 1599 προῦβαι-

97 1610 327 1690 conscribere)
350 1607 513 1695 είρττον.

168 1709 201 1784 b)
237 1708 311 1774 ἴον·
334 1706 452 1786 ἄνθος.

169 1809 196 1883 c)
234 1803 307 1872 ἰόν·
328 1803 429 1890 βέλος
444 1805 579 1888 τοξικόν
596 1813 644 1874 est
659 1827 763 1873 accus.
779 1806 869 1874 verbi
889 1804 941 1884 ἰός
963 1806 1103 1890 „sagitta
1111 1810 1134 1888 “‚
1157 1805 1213 1870 cfr.

95 1903 161 1970 Hes.
183 1903 245 1969 ἰοί·
270 1901 314 1968 τὰ
335 1902 429 1990 βέλη.

169 2001 200 2077 d)
236 1999 309 2066 ἴον·
332 1999 447 2083 μόνον.

165 2104 197 2176 c)
235 2096 299 2177 ἰόν,
323 2098 526 2164 accusativus
541 2098 689 2164 vocabuli
706 2095 774 2175 ἰός·
797 2095 939 2190 σκώληξ,
963 2117 1082 2181 aerugo
1097 2098 1213 2163 vermi-

94 2196 209 2263 cularis.
1076 2262 1078 2266 ,

168 2294 257 2360 Idem
282 2291 364 2357 illud
385 2289 455 2358 ἰ’-ον
477 2298 727 2359 commemorant
754 2291 953 2376 grammatici
975 2291 1115 2375 quidam,
1138 2311 1213 2384 quo-

94 2413 153 2456 rum
175 2392 276 2458 verba
299 2389 405 2458 adhuc
427 2389 571 2473 intellegi
599 2412 665 2457 non
694 2397 859 2474 poterant:
897 2389 952 2455 cfr.
976 2389 1059 2454 Anu.
1082 2387 1164 2456 Oxx.
1187 2390 1212 2473 I,

97 2492 230 2570 nau
264 2489 371 2573 Etym.
395 2488 479 2569 Mag.
504 2491 576 2569 eor,
600 2491 650 2570 as,
682 2489 733 2553 ur.
756 2487 840 2554 uun.
866 2491 937 2569 174,
961 2475 1017 2552 ro:
1049 2483 1108 2552 τίω
1131 2485 1213 2571 γρά-

95 2609 186 2670 φεται
208 2587 266 2652 καί
293 2583 349 2650 διὰ
374 2582 568 2670 διφδόγνυυ
587 2585 644 2650 καί
667 2583 724 2650 διὰ
746 2591 807 2650 τοῦ
830 2582 924 2648 ἰῶτα.
944 2582 1064 2649 τούτου
1082 2581 1100 2648 δ
1116 2581 1213 2666 οἰόρι-

94 2706 164 2761 στος
189 2683 243 2750 ’ίον
282 2679 337 2748 διοί
365 2688 426 2747 τοῦ
462 2679 555 2746 ἰῶτα.
600 2680 808 2748 Grammatici
835 2681 932 2764 igitur
966 2679 1026 2746 ε’ίω
1058 2688 1213 2762 tanquam

94 2781 245 2850 secundae
279 2778 450 2845 verborum
482 2779 596 2845 classis
630 2777 727 2856 (eurr.
759 2778 900 2845 Gramm.
930 2799 963 2862 p.
990 2779 1042 2854 98)
1078 2777 1212 2843 verbum

93 2880 274 2946 tractavisse
302 2876 462 2958 videntur,
492 2876 538 2941 ita
560 2881 595 2940 ut
617 2874 694 2942 ε’ί-ον
718 2882 749 2941 ct
774 2874 844 2940 ἰ’-ον
867 2895 939 2941 cum
966 2875 1075 2941 formis
1103 2874 1212 2940 λείπω

94 2982 122 3040 ct
141 2974 305 3053 ἐ-λιττ-ον,
334 2971 448 3060 φεύγω
479 2979 511 3038 et
540 2971 700 3059 'c'·‹pvy-ov
726 2979 959 3058 compararent.
1003 2971 1151 3040 Ceterum
1173 2974 1214 3040 si·

93 3074 153 3138 mili
167 3073 264 3140 modo
280 3071 401 3137 formae
417 3069 552 3137 ἐδίδουν
571 3092 630 3154 pro
645 3068 854 3150 *ἐ-δίδυ·ον,
877 3068 1012 3148 ἐδίδους
1026 3091 1085 3156 pro
1100 3068 1214 3138 *ἐ-δί-

94 3169 190 3250 δο-ες,
213 3170 331 3238 ἐδίδου
348 3191 406 3253 pro
421 3166 605 3247 *ἐ-δίδο-ε,
621 3166 732 3234 εἰνυον
753 3172 806 3247 (ex
821 3166 1057 3236 *t-scc-vv-ov
1073 3169 1128 3235 cfr.
1145 3167 1214 3235 εἰν-

93 3291 153 3346 νυν,
169 3265 380 3355 ἠμφιέννυν),
396 3263 505 3348 ὤμνυε
522 3265 648 3349 (Epieh.
662 3269 699 3341 71
717 3266 774 3333 cfr.
786 3263 892 3348 ὤμνυ)
906 3268 938 3332 in
954 3266 1213 3350 coniugatioucm

93 3363 121 3428 in
142 3389 185 3429 -ω
207 3365 415 3432 transierunt.
1011 3421 1013 3428 Α

169 3464 284 3547 Itaque
311 3462 422 3528 vanae
449 3461 537 3526 vocis
566 3454 637 3542 εἰμι
665 3461 843 3545 imperfecti
869 3461 1006 3540 formae,
1036 3478 1115 3542 quas
1143 3459 1214 3525 bre-

92 3558 167 3624 viter
193 3559 228 3628 in
252 3579 351 3625 unum
373 3564 578 3642 conspectum
607 3577 694 3624 nunc
715 3577 940 3641 congeramus,
971 3563 1044 3623 sunt
1072 3556 1156 3621 hunc
1179 3556 1212 3621 in

92 3656 215 3722 modum
238 3656 468 3740 explicandae:

175 3759 202 3832 1)
226 3754 452 3837 Imperfectum
475 3749 567 3839 ᾖ-ειυ
582 3773 603 3818 a
618 3751 726 3818 radice
748 3750 954 3835 amplificata,
977 3751 1108 3833 quaein
1124 3749 1212 3833 ε’ί-ω,
1307 3817 1308 3820 ,

94 3848 253 3934 εἰ-υομαι,
276 3849 438 3939 εἰ-σάμην
461 3852 595 3917 occurrit
618 3849 685 3932 (eir.
701 3845 814 3935 ᾔδ-ειν
829 3869 850 3914 a
864 3850 964 3932 stirpe
987 3846 1040 3913 εἰδ
1062 3849 1095 3914 in
1119 3847 1212 3931 εἰδῶ,
1305 3924 1319 3933 -

94 3944 238 4036 εἰδείην),
262 3947 442 4015 derivatum
459 3954 508 4014 est
524 3952 556 4013 et
577 3945 881 4032 plusquamperfeoti
902 3946 1143 4014 terminationes
1159 3967 1214 4014 ex·

93 4042 185 4110 bibet.
230 4047 348 4112 Forma
375 4037 418 4131 ᾗο
447 4065 530 4130 quae
558 4067 615 4130 pro
644 4041 734 4131 ᾔ-ειν
764 4043 892 4127 saepius
921 4045 1047 4179 legitur,
1077 4045 1213 4112 fortasse

969 4148 983 4197 ν
