2986 4864
85 427 90 436 ’
213 438 255 493 De
273 435 384 490 ablativi
401 436 428 489 in
446 434 580 488 veteribus
599 431 697 501 linguis
713 431 810 486 italicis
828 431 916 486 forma
934 432 961 482 et
978 445 1031 520 usu
1048 429 1137 482 locali.
1180 425 1241 487 397

248 629 339 675 suam
354 627 420 674 rem
437 607 521 672 bene
535 623 664 688 gessere
676 611 709 670 et
724 605 884 688 publicam
896 605 1002 690 patria
1016 607 1135 689 procul.
1160 607 1243 674 linn.

122 717 159 776 tr.
175 712 238 774 220
260 706 388 786 (bion).
612 705 616 716 ’

205 805 329 886 Quibus
361 802 518 884 exemplis
545 805 680 883 apparet
708 794 954 883 improbandum
977 819 1048 866 esse
1074 800 1123 884 io,
1158 803 1244 886 quod

122 908 303 988 Draegerus
326 905 410 985 (pag.
434 903 508 976 455)
530 895 720 981 disputavit,
747 897 828 964 haee
850 897 1003 965 adverbia
1025 918 1151 984 semper
1173 921 1244 967 oum

122 1001 362 1089 praepositione
383 997 486 1079 (loope
509 1017 536 1067 a,
556 997 672 1079 procul
692 999 723 1070 o)
746 996 905 1080 coniungi.

199 1119 228 1198 h)
251 1139 271 1184 a
294 1137 344 1184 me
366 1117 493 1200 ouipam
517 1134 588 1201 esse
610 1115 733 1197 procul„
763 1116 837 1180 Ter.
862 1113 922 1180 Ad.
946 1118 1017 1180 348.
1119 1097 1126 1108 ’

250 1218 346 1298 longe
369 1214 409 1278 ab
433 1212 568 1280 aedibus
590 1212 700 1293 fugiat.
732 1213 836 1278 Plaut.
860 1213 951 1278 Most.
976 1216 1047 1280 390.

248 1315 299 1379 ius
327 1320 422 1394 atque
452 1331 563 1377 aeoum
592 1329 627 1377 se
654 1311 790 1375 amalis
818 1311 940 1394 spernit
969 1313 1088 1395 prooui.
1122 1312 1245 1377 Ennius

121 1419 157 1478 tr.
181 1416 244 1476 224
268 1401 395 1489 (sibu).

206 1509 278 1574 Huc
300 1504 448 1572 ducenda
470 1512 556 1571 sunt:
812 1567 814 1570 .

251 1605 338 1670 haud
361 1604 402 1669 ab
425 1623 459 1668 re
481 1603 538 1667 tibi
562 1603 713 1668 convenit
734 1603 836 1668 labos.
872 1604 964 1667 True.
987 1602 1028 1684 ΙΙ,
1054 1607 1082 1684 6,
1107 1608 1156 1684 40,
1179 1603 1199 1666 i.
1217 1621 1245 1668 e.

121 1725 183 1768 ooo
206 1704 320 1766 damno
343 1711 395 1764 tuo
417 1702 486 1767 sive
507 1720 569 1763 ooo
592 1699 719 1763 abesto
742 1710 794 1762 tuo
813 1699 938 1782 fructu.
1120 1761 1122 1766 s

249 1800 291 1866 ab
313 1819 349 1865 re
370 1799 517 1864 oonsuiit.
551 1799 638 1862 Trin.
662 1801 734 1879 238,
764 1817 824 1880 quo
848 1797 918 1861 looo
940 1796 1068 1862 Brixius
1090 1794 1246 1862 eiusmodi

121 1899 274 1982 exempla
298 1897 436 1980 ooliegit.
945 1992 949 1999 Ι

207 2017 409 2084 Contrarium
431 2015 564 2080 eifioitur
586 2013 826 2098 praepositione
848 2034 906 2077 aa:

251 2156 292 2201 ex
313 2144 370 2200 tua
393 2154 427 2199 re
449 2141 506 2199 est.
539 2132 655 2199 Pseud.
679 2135 750 2212 336,
774 2131 793 2195 i.
817 2151 844 2196 o.
868 2105 926 2192 tibi
945 2132 1017 2194 osui
1036 2141 1091 2194 art.

209 2255 247 2317 ob
271 2251 427 2335 signifieat
450 2251 573 2333 aliquid
595 2252 725 2330 abesse,
750 2272 793 2314 eor
814 2250 937 2332 aliquid
959 2251 1049 2333 quasi
1073 2271 1114 2317 ex
1134 2251 1245 2317 intimo

122 2352 260 2437 prodire.
298 2349 498 2432 Quamquam
521 2355 627 2414 autem
651 2349 688 2410 ob
711 2356 743 2413 et
765 2371 809 2412 ea
831 2369 895 2414 non
917 2367 1043 2432 semper
1065 2349 1162 2432 plane
1184 2349 1248 2416 dis·
1302 2378 1304 2390 =

122 2456 303 2530 cernuntur,
331 2456 437 2512 tamen
460 2468 504 2508 em
525 2446 655 2528 gravius
678 2453 735 2510 est.

250 2566 305 2631 IV.
333 2564 621 2648 *Verbapetendi
645 2563 767 2643 orandi,
793 2564 999 2648 impetrandi.

210 2672 240 2741 a)
265 2663 350 2728 Fieri
365 2669 471 2746 potest
482 2668 516 2726 ut
527 2662 659 2727 verbum
673 2672 782 2745 petere
796 2663 1033 2745 praepositione
1044 2662 1161 2728 omissa
1175 2681 1246 2727 oum

122 2763 267 2830 ablativo
290 2760 515 2846 coniungatur3
538 2760 755 2825 Mostellariae
770 2761 854 2825 enim
869 2759 998 2825 fabulae
1012 2779 1123 2825 vorsus
1138 2762 1210 2841 762,
1228 2764 1246 2825 3

37 2927 40 2930 .
123 2861 157 2925 in
173 2859 335 2926 oodioibus
351 2857 404 2922 ΒΟ
421 2858 559 2941 oorrupti
574 2864 657 2938 sunt,
678 2856 837 2923 inoodioo
853 2857 880 2922 A
896 2857 941 2923 sio
957 2858 1066 2940 seripti
1081 2858 1247 2940 leguntur:

253 2978 328 3043 bino
348 2977 532 3059 'exemplum
555 2995 671 3060 capere
693 2977 761 3041 volt

253 3095 328 3140 nam
350 3074 407 3140 iile
430 3094 468 3139 eo
490 3075 609 3139 maium
633 3075 708 3139 bino
730 3095 826 3158 opere
848 3075 1030 3158 exemplum
1053 3075 1143 3159 petit,

125 3196 179 3260 ubi
202 3193 395 3259 Ritsohelius
424 3193 557 3258 verbum
585 3213 622 3255 oo
651 3194 685 3258 in
703 3214 754 3255 eor
779 3195 915 3259 mutavit
941 3202 1038 3277 atque
1066 3213 1177 3260 versus
1205 3194 1250 3260 sio

124 3291 276 3358 restituit:

254 3409 349 3474 Nune
370 3407 444 3474 bino
466 3410 649 3492 exemplum
672 3428 787 3491 capere
809 3412 877 3474 volt
898 3409 959 3473 nisi
983 3415 1017 3472 tu
1039 3383 1139 3473 nevis.

182 3569 183 3575 ,
255 3507 307 3573 Ne
328 3506 385 3571 ilie
400 3526 440 3571 ex
457 3509 543 3571 maio
565 3507 685 3570 maium
708 3505 783 3570 bino
802 3524 899 3589 opere
914 3504 1094 3588 exemplum
1118 3506 1206 3588 petit.

213 3625 368 3692 Similiter
396 3627 437 3691 ab
467 3623 695 3709 interpretibus
723 3624 757 3688 in
785 3623 858 3690 aliis
886 3624 965 3688 ioois
998 3622 1251 3707 praepositiones

127 3722 292 3790 oodioibus
313 3723 567 3806 repugnantibus
589 3722 720 3788 additae
741 3729 831 3805 sunt3
853 3720 887 3785 in
905 3721 977 3786 Aul.
994 3721 1049 3802 IV,
1066 3726 1094 3802 7,
1112 3725 1132 3786 6
1154 3739 1251 3787 versu

128 3820 256 3886 oodioes
271 3819 355 3884 hano
378 3821 548 3886 leotionem
570 3821 743 3904 praebent:
766 3822 846 3883 istam
860 3815 982 3902 confido
995 3817 1111 3900 fratre
1124 3838 1173 3880 me
1194 3807 1275 3881 im-'

125 3928 317 4002 petrosam.
361 3918 504 3994 Hoitzius
527 3918 671 4001 quidem:
705 3924 811 3996 „reete
834 3917 989 3995 editores,
1011 3915 1130 3997 inquit,
1153 3916 1280 3982 etiam·

129 4016 376 4100 Kempmannus
397 4016 451 4094 (de
473 4035 583 4102 praep.
608 4015 645 4078 ub
668 4036 741 4099 pag.
761 4018 812 4094 12)
833 4021 908 4081 ante
921 4014 1037 4097 fratre
1058 4013 1252 4080 addiderunt
