2968 4866
465 424 508 480 Da
526 425 664 480 Alemanis
682 427 780 494 poetae
797 425 922 484 dialecto.
1197 424 1259 488 343

130 603 180 665 34.
207 603 239 683 13
270 603 321 663 76.
346 602 364 663 3
391 594 499 662 ποκά
523 599 574 662 42.
598 599 648 662 33.
677 629 720 644 --
749 595 791 662 κὰ
814 595 876 663 κᾶν
898 599 1017 666 Dorida
1037 593 1143 667 forma*
1161 604 1259 686 parti·

127 697 290 763 αα1αααὲ
315 697 382 775 κὲν,
413 715 508 778 quam
537 695 714 761 amiserunt
736 695 849 777 Attin,
879 696 960 763 latet
988 698 1021 762 in
1051 692 1154 763 iluna
1182 701 1203 766 i.
1227 719 1256 768 e.

128 790 192 859 ὅκα
217 818 260 859 κα
282 821 325 846 =
347 789 427 857 ὅταν
450 793 486 858 fr.
510 795 551 858 93
574 793 614 857 el.
637 792 714 858 Ain.
737 792 768 858 d.
792 792 824 858 d.
846 795 886 860 D.
909 814 940 878 p.
964 797 1036 861 383.
1064 831 1107 843 —
1134 794 1254 884 τράφω

126 891 214 975 apud
239 891 414 956 Pindarum
442 889 614 973 aliquoties
641 890 814 975 reperitur;
844 891 897 974 qui
925 911 996 957 oum
1026 894 1255 963 reeonditiores

126 989 247 1055 formas
267 987 424 1072 repudiet,
448 988 533 1053 omni
550 986 663 1053 Doridi
678 988 739 1053 hoo
754 1007 920 1054 commune
935 1008 1006 1056 esse
1021 991 1157 1059 videtur.
1188 992 1254 1060 Sed

126 1093 216 1152 extat
238 1086 326 1170 apud
348 1092 491 1153 nostrum
514 1092 643 1170 poetam
665 1085 715 1152 bis
736 1086 879 1168 vulgaris
900 1086 1001 1151 torma
1023 1094 1173 1174 τρέφει
1194 1093 1253 1175 48;

126 1187 177 1249 60.
202 1188 233 1250 3.
266 1219 309 1230 -
341 1182 469 1262 intui
476 1207 491 1248 ε
522 1201 649 1266 quoquo
675 1182 725 1260 (ir.
750 1187 802 1260 44)
833 1183 885 1248 hie
914 1183 1029 1266 affero‚'
1059 1205 1252 1270 quamquam

124 1281 235 1348 neseio
265 1302 307 1347 an
335 1283 434 1347 aliam
461 1280 616 1345 rationem
639 1285 798 1362 sequatur.
844 1281 894 1346 De
916 1299 954 1346 eo
976 1281 1094 1348 Herod.
1117 1308 1155 1348 π.
1177 1308 1251 1365 μον.

123 1379 249 1460 λέξεως
278 1400 308 1464 p.
333 1384 385 1462 44,
417 1383 455 1443 to
484 1383 636 1443 testatur:
670 1376 764 1460 παρὰ
786 1373 942 1459 Ἀλκμᾶνι
972 1377 1029 1443 διὰ
1055 1386 1117 1445 τοῦ
1147 1405 1178 1445 α.
1212 1382 1251 1447 ei.

124 1475 226 1542 Curtii
249 1476 344 1542 Verb.
368 1477 478 1541 1345.
511 1509 553 1520 -
586 1474 777 1556 Ineertiora,
808 1482 843 1538 ut
865 1475 1012 1542 Muelleri
1034 1477 1250 1561 eonjeoturam

122 1574 159 1640 tr.
187 1579 248 1638 145
272 1571 515 1660 φρασίὸορκαν,
540 1572 837 1654 praetermittimus3
867 1572 944 1638 item
967 1572 1008 1638 de
1029 1595 1161 1657 quorum
1186 1578 1249 1643 Do·

121 1671 189 1737 rioa
212 1671 314 1736 forma
336 1690 400 1735 non
424 1668 528 1736 edocti
551 1689 669 1751 sumus,
692 1674 727 1733 ut
750 1667 885 1751 ἱέρακος
907 1669 944 1733 ir.
968 1673 1018 1736 28.

208 1769 253 1836 Ut
281 1792 302 1832 α
332 1789 390 1851 pro
413 1791 428 1833 a
450 1768 497 1831 ita
524 1790 559 1830 αι
589 1786 647 1850 pro
671 1789 702 1830 ει
723 1765 758 1829 in
781 1765 972 1847 quibusdam
1001 1767 1133 1834 voeibns
1161 1771 1249 1852 apud
1283 1821 1288 1831 .

121 1867 298 1933 Dorienses
326 1872 475 1951 apparet,
510 1884 528 1930 e
556 1863 670 1946 quibus
700 1863 762 1928 hae
791 1863 823 1926 in
853 1863 1017 1928 Alemanis
1044 1863 1248 1947 fragmentis:

120 1963 180 2041 ul,
215 1963 256 2030 do
284 1983 348 2046 qua
375 1964 478 2029 forma
505 1967 540 2026 ut
568 1960 685 2026 Doriea
716 1978 814 2042 saepe
846 1965 1005 2026 testantur
1037 1965 1247 2046 grammatici,

119 2083 217 2146 quam
239 2062 273 2126 in
295 2061 383 2144 puris
406 2058 536 2125 Doridis
558 2057 698 2123 lontibus
720 2076 846 2140 semper
868 2057 1079 2140 oonspioimus
1102 2060 1153 2134 (ei.
1171 2062 1246 2127 Ahr.

120 2160 151 2225 d.
168 2160 199 2224 d.
216 2161 256 2223 D.
274 2163 358 2240 380),
381 2165 430 2224 ter
451 2156 567 2239 legitur
588 2155 626 2224 fr.
648 2157 704 2237 293
728 2159 783 2236 773
809 2157 859 2219 83.
882 2189 924 2202 -
945 2161 1146 2239 κυπαίρω,
1160 2165 1247 2226 reete

117 2277 178 2341 pro
201 2255 345 2321 oodioum
366 2255 505 2321 leetione
528 2255 664 2335 κυπέρω
687 2251 835 2334 seriptum
857 2259 905 2318 est
919 2252 955 2317 fr.
975 2256 1024 2318 18.
1057 2254 1245 2321 Alemanem

117 2374 158 2421 ea
194 2374 285 2419 usum
320 2371 392 2419 esse
425 2352 518 2417 donet
551 2349 736 2442 Eustathjus
772 2352 863 2414 1648.
898 2356 927 2414 5.
947 2430 950 2440 1
973 2356 1245 2435 κυπαιρίσκω

61 2529 63 2534 ,
116 2452 154 2516 tr.
181 2454 221 2516 38
244 2469 326 2517 uuus
348 2450 450 2516 oodex
479 2447 622 2532 praebet.
655 2483 697 2493 -
731 2441 862 2529 ὄνειρον
891 2464 1002 2512 vooem
1031 2448 1118 2530 apud
1142 2451 1245 2516 Dore·

116 2544 257 2631 ὅναιραν
286 2549 430 2625 sonuisse
458 2565 477 2611 e
504 2545 606 2610 torma
634 2539 715 2625 ὄναρ
746 2543 861 2626 oonjiei
894 2550 1000 2626 potest
1029 2550 1061 2609 et
1093 2546 1245 2627 probatur

115 2646 228 2730 glossa
249 2646 472 2730 Hesychiana:
495 2638 649 2736 ἄααιραν·
675 2636 817 2723 ὄνειρον,
841 2643 982 2724 Κρῆτες.
1020 2639 1085 2705 Sed
1108 2639 1244 2724 legimns

115 2741 287 2826 ὄνειρον
309 2743 346 2807 fr.
370 2747 426 2823 643
450 2735 639 2804 ΔΝΘΙΡΩΝ
663 2757 739 2820 pap.
763 2741 792 2801 2.
818 2740 867 2799 15.

203 2842 303 2906 Multo
325 2839 422 2904 latius
448 2844 538 2920 patet
560 2837 678 2916 longae
700 2858 721 2897 α
743 2853 801 2918 pro
824 2858 843 2919 η
867 2852 942 2898 usus
965 2832 1100 2898 Dorieus
1123 2841 1155 2899 et
1176 2855 1242 2900 non

114 2941 220 3006 solum
242 2939 276 3002 in
299 2935 452 3019 stirpibus
474 2931 682 3017 quibusdam,
705 2930 763 2997 sed
787 2929 882 2996 etiam
905 2931 938 2995 in
965 2929 1243 2999 terminationibus

114 3036 330 3119 conspicitur„
343 3053 407 3115 qua
429 3051 463 3098 re
485 3030 579 3097 certis
601 3028 716 3094 finibus
734 3027 948 3094 oireumseribi
970 3034 1085 3110 potest.
1115 3029 1243 3097 Primae

112 3153 199 3217 quae
223 3131 336 3197 dieitur
352 3128 579 3194 declinationis
591 3147 683 3192 easus
699 3127 821 3192 numeri
837 3126 1008 3208 singularis
1029 3125 1113 3191 eirea
1134 3127 1241 3193 trieies

111 3232 147 3296 in
177 3248 301 3314 papyro
330 3226 486 3307 totiesque
515 3223 547 3289 in
577 3224 708 3306 reliquis
741 3223 928 3306 fragmentis
961 3222 1105 3288 vocalem
1136 3245 1156 3286 α
1187 3243 1241 3288 ex·

111 3329 237 3395 hibent.
282 3351 301 3412 η
326 3323 496 3408 praebant:
527 3315 546 3407 ἡ
570 3321 606 3386 fr.
630 3325 647 3385 7
672 3321 731 3402 bis,
755 3317 911 3406 ἀνάγκη
935 3320 971 3385 fr.
998 3323 1047 3399 81,
1071 3315 1239 3405 ἀδελφή

111 3426 150 3491 fr.
182 3428 239 3505 62,
273 3441 356 3506 quae
390 3420 529 3485 editores
561 3425 732 3483 mutarunt.
783 3418 820 3482 In
853 3415 1050 3481 hexametris
1084 3417 1245 3496 reperitur·

112 3522 257 3605 vulgaris
276 3521 378 3585 forma
400 3521 533 3600 Κίρκη
557 3517 594 3580 fr.
611 3519 648 3578 41
674 3521 706 3580 et
729 3513 820 3597 opica
841 3515 1100 3595 βωτιανείρῃ
1125 3510 1162 3576 fr.
1186 3517 1237 3594 40,

135 3639 245 3685 uarum
275 3617 414 3701 priorem
437 3614 545 3696 Bergk
566 3612 609 3677 ad
631 3610 760 3676 Doridis
787 3609 930 3676 indolem
952 3607 1124 3673 revocavit.
1169 3607 1239 3674 Hue
1309 3694 1312 3699 Ι

110 3641 276 3802 §attinent
304 3714 400 3780 etiam
429 3709 585 3778 adverbia
606 3709 702 3791 vulgo
724 3708 758 3771 in
780 3705 859 3792 -dpu
882 3705 1042 3772 exeuntia.
1086 3705 1238 3786 Legimus

111 3810 360 3900 διαφραίόαν
383 3830 458 3894 pap.
477 3812 506 3872 2.
529 3812 580 3890 22,
605 3802 707 3871 ἄδαν
729 3805 767 3869 ir.
784 3808 834 3869 36.
858 3839 899 3850 -
922 3802 1029 3869 Verba
1051 3801 1092 3867 ab
1115 3826 1137 3865 α
1158 3803 1238 3867 inei·

110 3912 251 3997 pientia,
282 3929 413 3992 quorum
436 3906 570 3972 initialis
597 3905 692 3970 litera
715 3906 887 3984 augmento
909 3900 963 3965 vel
984 3898 1237 3982 reduplicatione

110 4010 271 4094 produeta
293 4013 357 4089 est,
387 4007 468 4071 haee
490 4008 618 4070 extant:
656 3997 870 4084 ἀρμόξατα
891 3997 929 4062 fr.
952 4000 1010 4078 71,
1043 4014 1238 4078 quamquam
