2986 4864
248 413 312 476 406
771 413 849 482 Ruge

247 587 423 657 seeundum
436 606 508 653 eum
522 607 625 666 usum,
642 585 695 669 qui
711 590 759 652 est
774 585 807 650 in
822 584 934 667 lingua
949 585 1050 650 latina
1064 584 1252 651 notissimus
1265 591 1374 670 (prope

248 708 269 753 a
290 685 411 767 Sicilia,
434 684 522 762 Oia).
553 729 565 748 κ

377 784 420 849 ΙΙ.
460 781 620 864 Lingua
642 799 745 846 osea.

337 886 367 956 1)
398 879 480 942 etult
508 875 674 942 omniunud
703 879 805 940 eituas
836 877 908 956 (lroe
937 875 1053 940 ambitu
1081 885 1170 952 eunt,
1207 883 1264 942 aut
1295 883 1375 954 eunt)

248 977 413 1046 XXXVII
431 976 526 1058 End„
550 994 645 1059 quam
666 975 964 1060 interpretationem
978 974 1197 1040 Mommsenua
1219 974 1292 1058 ipae
1313 995 1376 1040 non

249 1084 369 1144 tertam
392 1073 542 1158 protulit;
572 1093 612 1141 ex
635 1072 822 1140 Bueeheleri
852 1091 978 1155 quoque
1006 1071 1168 1137 sententia
1191 1075 1294 1133 attans
1315 1072 1377 1137 alio

249 1173 345 1239 modo
368 1168 619 1238 convertendum
642 1177 707 1252 est3
728 1170 865 1236 tortasse
887 1169 940 1234 hie
964 1168 1125 1234 ablativus
1146 1165 1263 1234 eodeni
1283 1167 1376 1234 modo

250 1268 462 1355 explicandus
485 1273 549 1349 est,
577 1287 639 1350 quo
662 1267 798 1330 eradunt
817 1289 874 1330 veu
896 1266 938 1334 de
960 1286 1022 1349 quo
1045 1265 1183 1331 vidimus
1206 1286 1283 1349 pag.
1307 1271 1376 1332 405.

335 1369 366 1443 2)
401 1362 517 1427 amand
530 1363 603 1449 pus
628 1365 673 1440 (in
697 1365 827 1429 eirouitu
849 1384 922 1447 quo,
953 1362 1048 1440 End.)
1071 1361 1163 1447 inp.
1187 1363 1297 1430 Abeil.
1324 1368 1375 1447 173

249 1465 364 1530 melius
392 1463 619 1545 interpretatur
643 1462 858 1527 Mommsenua
886 1483 930 1524 ea·
958 1481 1053 1524 cauea
1077 1461 1197 1545 uliquu3
1228 1461 1377 1528 Enderisi

249 1562 334 1627 enim
358 1559 550 1626 sententiam
572 1558 688 1625 falsam
704 1578 775 1625 esse
797 1557 1034 1625 demonstratur
1055 1559 1163 1625 verbis
1185 1559 1293 1621 cudat
1314 1579 1376 1622 um-

248 1658 313 1722 aad
333 1657 410 1730 (tab.
434 1655 527 1721 Bant.
553 1659 594 1738 6),
618 1656 703 1739 quod
726 1657 778 1722 hie
799 1654 870 1739 ipse
887 1656 983 1738 petiti
1002 1675 1098 1718 causa
1119 1656 1273 1739 explieat.

335 1756 366 1831 3)
403 1752 482 1816 etat
504 1770 733 1835 nonnunquam
757 1753 912 1818 adverbio
933 1751 984 1814 lde
1006 1753 1209 1834 convertitur,
1241 1760 1278 1818 ut
1299 1753 1377 1816 etat

248 1859 344 1935 atque
360 1849 432 1913 elrilc
447 1852 567 1927 (ineat.)
584 1850 726 1917 eiusdem
743 1851 911 1940 potestatis
927 1869 998 1916 esse
1012 1850 1184 1916 videantur
1199 1850 1298 1929 (End.
1310 1852 1376 1928 ΧΙ).

245 1957 374 2033 portatu
389 1945 470 2010 elrolr
484 1967 583 2030 uptun
599 1948 692 2010 dedet
712 1947 928 2013 Mommsenua
944 1955 1029 2013 reete
1052 1948 1284 2030 interpretatur
1302 1968 1376 2031 por-

248 2047 341 2108 ticum
364 2044 444 2107 dune
461 2042 648 2127 satiendam
671 2044 764 2107 dedit.
810 2044 844 2110 Si
867 2044 1054 2110 Enderisius
1076 2045 1131 2108 tie
1153 2045 1281 2128 scribit,
1311 2048 1377 2112 sine

249 2142 347 2208 dubio
372 2147 469 2207 errat.

333 2238 456 2318 XVI,5
479 2238 609 2303 tritbum
632 2239 722 2303 ekak
744 2243 923 2322 upsannam
947 2238 1052 2305 dedet.
1082 2239 1162 2321 X‚2
1186 2231 1278 2306 ekak
1293 2247 1376 2306 viam
1474 2301 1475 2322 ,

248 2338 503 2413 toremtnat)tens
518 2334 614 2412 (hano
629 2335 740 2415 (Euda
756 2336 819 2411 hie)
832 2335 918 2412 viam
930 2335 1205 2412 terminaverunt).
1226 2339 1373 2419 XXVI,1
1474 2343 1475 2397 4

249 2433 360 2512 [e]kak
387 2436 579 2515 ups[annam
602 2432 730 2511 dotted.
760 2469 801 2479 —
832 2433 958 2516 Ubique
981 2432 1061 2495 eoae
1083 2434 1199 2499 vocula
1221 2435 1304 2499 haue
1327 2456 1376 2502 ex·

247 2529 362 2615 plioari
390 2531 465 2596 lieet
493 2531 593 2595 multo
622 2531 728 2614 aptius
756 2551 852 2613 quam
882 2530 964 2593 tie«
986 2532 1070 2596 Nam
1093 2542 1328 2601 consonantem
1349 2555 1376 2596 m

248 2627 377 2711 saepius
408 2626 567 2694 deoidiooe
596 2630 744 2712 exemplo
768 2648 848 2694 esse
865 2635 972 2711 potest
992 2629 1040 2709 X,
1066 2632 1084 2692 5
1118 2630 1169 2691 aiu
1195 2631 1376 2716 pompeiana

249 2726 347 2804 (viam
370 2726 619 2810 pompeianam).
700 2749 703 2756 ·

333 2823 416 2888 Aliis
444 2822 524 2886 loeis
553 2822 656 2905 magis
684 2823 819 2887 fortasse
849 2822 977 2906 plaeeat
1006 2823 1150 2890 eiusdem
1173 2825 1263 2891 noeis
1284 2825 1376 2890 inter·

248 2920 402 3002 protetio:
424 2920 485 2982 lude
506 2919 574 2984 oeil.
593 2918 732 2983 eitiuuad
752 2920 802 2997 (ef.
817 2921 889 3002 LII,
912 2921 975 2985 Mo.
991 2925 1033 3002 4),
1056 2928 1091 2986 ut
1113 2923 1288 2987 eonveniat
1309 2942 1375 2988 eum

248 3013 335 3078 emat
358 3013 496 3076 eittdrrad
515 3018 568 3094 (ea
591 3017 750 3100 peeunia),
774 3016 859 3102 quod
875 3037 940 3082 non
956 3019 1087 3084 minime
1109 3037 1147 3084 eo
1164 3019 1373 3101 confirmatur,

248 3111 334 3194 quod
367 3111 448 3174 etat
481 3112 670 3194 plerumque
698 3134 769 3179 oum
798 3136 897 3199 uptun
926 3116 1127 3181 eoniunotum
1158 3123 1269 3183 exstat
1302 3117 1373 3196 (vid.

249 3209 333 3274 End.
357 3209 427 3285 XI).

334 3311 366 3384 4)
393 3305 498 3369 ettad
518 3306 598 3372 nihil
622 3305 829 3390 demonstrat,
857 3309 943 3391 quod
965 3309 1059 3393 lapis,
1082 3310 1116 3374 in
1139 3329 1202 3392 quo
1226 3312 1309 3378 haee
1329 3313 1374 3376 iu·

248 3404 379 3488 seriptio
402 3404 528 3487 legitur,
553 3404 661 3470 laesus
682 3412 740 3472 est.
1472 3471 1473 3494 2

334 3506 364 3579 5)
397 3500 450 3564 inlr
471 3499 659 3585 (XXVIII)
689 3503 757 3566 iace
778 3502 927 3580 (XXIX)
957 3523 1023 3568 non
1053 3503 1149 3570 aliter
1177 3511 1277 3588 atque
1298 3504 1374 3569 etat
1472 3505 1473 3514 ³

246 3599 454 3682 intellegitur.
704 3657 706 3660 .
1029 3609 1036 3617 ’
1111 3593 1113 3597 ’

333 3699 364 3776 6)
397 3716 471 3758 eoae
496 3695 564 3779 pod
590 3697 655 3762 tab.
685 3699 779 3763 Bant.
803 3700 860 3778 24,
890 3698 979 3763 ouius
1007 3698 1247 3781 interpretatio,
1282 3720 1373 3782 quam

248 3792 436 3859 Enderiaius
458 3799 589 3860 auetore
611 3794 808 3860 Mommseno
831 3795 940 3878 affert,
971 3794 1070 3862 valde
1092 3794 1193 3862 dubia
1215 3803 1280 3879 est,
1304 3797 1374 3880 quia

248 3889 415 3972 aliquando
449 3891 509 3955 hoe
542 3891 613 3957 loeo
642 3891 773 3959 minime
805 3893 990 3978 requiritur3
1022 3893 1159 3959 tortasse
1188 3895 1292 3960 verba
1320 3895 1373 3959 illa
1471 3965 1472 3990 χ

248 3982 354 4066 potius
376 4005 447 4050 eum
470 3988 571 4054 latino
594 3988 680 4073 quod
699 3990 729 4052 st
748 3989 966 4073 comparanda
988 3995 1071 4056 sunt.
