2968 4866
194 430 256 494 324
461 479 466 489 .
592 479 597 486 .
690 429 825 486 Schrader

193 604 289 688 igitur
310 609 418 671 monet
432 603 462 670 J.
480 601 675 669 Schmidtlus
698 608 779 680 (voe.
802 603 834 668 ΙΙ
855 606 946 680 325):
975 621 1032 680 „es
1054 602 1159 685 ergibt
1174 601 1244 667 sich
1268 601 1324 668 die

192 701 348 783 tatsache,
373 700 449 767 daea
472 699 529 768 der
546 701 581 766 in
596 701 659 768 den
675 700 921 767 wurnelauslaut
942 706 1107 782 getretene
1129 698 1197 764 und
1220 699 1323 767 durch

192 799 404 866 svarabhahti
426 799 630 882 verltngerte
652 797 743 864 vocal
767 796 823 864 der
846 797 982 881 iarbung
1005 798 1119 881 langor
1133 797 1325 865 widersteht

192 898 242 963 als
264 896 322 964 dar
343 917 402 963 vor
424 896 482 963 der
502 895 627 980 liquida
648 894 727 961 oder
749 893 821 962 dem
845 895 938 961 nasal
960 896 1040 962 hura
1062 895 1268 978 gehlibene.⁴‘

277 995 347 1061 Iam
368 1012 445 1060 vero
461 993 522 1059 hac
536 993 570 1058 in
586 1013 622 1059 re
636 992 722 1058 idem
745 992 827 1058 illud
849 1012 986 1076 graecae
1006 992 1139 1075 linguae
1161 994 1323 1059 vocalium

192 1090 416 1158 concinnitatis
438 1091 579 1157 sordium
601 1089 804 1173 conspicitur,
827 1089 912 1173 quod
931 1090 1155 1176 saepissimae
1177 1090 1324 1157 offecisse

192 1209 290 1272 supra
312 1189 488 1254 docuimus.
533 1187 728 1272 Comparare
750 1188 846 1271 igitur
868 1188 959 1254 licet:

346 1285 472 1353 ’ἔθανον
537 1322 580 1334 -
602 1273 747 1351 erciam
771 1281 929 1351 εἱστάναι
959 1321 1000 1331 -
1021 1283 1138 1367 ἵστᾶμι

344 1388 514 1464 athenaeo
537 1417 579 1428 -
601 1384 753 1448 τέθνᾶκα
769 1406 777 1448 :
792 1382 934 1465 ἵσταμες
957 1418 998 1427 -
1020 1380 1145 1447 icauna

199 1539 201 1544 .
283 1511 327 1534 =
349 1477 511 1566 ἐγενόμην
537 1515 579 1525 -
602 1501 738 1565 -γνητος
768 1485 929 1546 :astituat
956 1515 999 1526 —-
1020 1483 1146 1565 τίθημι

346 1583 443 1662 γένος
541 1573 725 1662 -γνήσια
770 1582 935 1659 :cithereae
957 1613 999 1626 -
1021 1573 1134 1662 θήσω.

278 1676 404 1760 Nempe
425 1673 547 1739 vocalis
562 1697 582 1758 η
599 1673 633 1737 in
656 1697 793 1760 -γνητος
816 1677 861 1748 (4)
884 1674 965 1741 adeo
988 1674 1184 1759 explicanda
1205 1681 1266 1754 est,
1288 1681 1326 1739 ut

192 1773 383 1840 sumendum
406 1772 447 1838 sit
469 1769 614 1855 *γνᾶτος
636 1769 741 1853 ipsum
764 1771 815 1849 (oi.
838 1772 895 1836 lat.
918 1782 1092 1855 copaotua,
1115 1782 1216 1843 naua,
1248 1779 1324 1837 sert.

190 1869 291 1956 ᾴῆᾱιν)
319 1868 482 1954 quondam
511 1867 545 1932 in
572 1887 689 1950 graeca
718 1869 829 1953 lingua
856 1870 1013 1952 vallasse,
1046 1869 1218 1952 paullatim
1245 1889 1324 1935 vero

194 1968 339 2035 vocalem
362 1980 383 2031 ᾶ
407 1971 537 2052 propter
560 1989 576 2030 ε
598 1965 632 2030 in
655 1969 761 2049 γένος,
786 1963 957 2053 ἐγενόμην,
980 1969 1181 2050 platomam
1197 1973 1257 2032 etc.
1280 1965 1325 2031 ad

194 2090 214 2152 η
238 2065 358 2130 vocalis
380 2062 673 2148 pronuntiationem
697 2062 882 2129 accessisse.

280 2161 457 2226 Ahrensius
479 2159 607 2243 quidem
631 2159 677 2236 (ΙΙ
702 2162 774 2236 146)
800 2181 957 2246 „pravos
979 2159 1151 2225 metathesi
1174 2159 1260 2227 lacta
1282 2179 1324 2225 ex

193 2280 277 2342 -yev,
302 2261 398 2341 -yos“
422 2263 524 2323 ortum
548 2274 619 2324 esse
642 2257 726 2338 vult;
749 2256 811 2321 hac
832 2263 940 2323 tamen
955 2257 988 2322 in
1003 2276 1038 2323 ro
1060 2263 1216 2340 quantum
1240 2278 1325 2324 erra-

193 2353 286 2436 verit,
310 2374 351 2420 ex
368 2354 514 2438 cognatis
529 2352 648 2437 linguis
664 2359 696 2419 et
710 2353 788 2436 ipsis
803 2355 926 2437 graecis
945 2354 1093 2421 dialectis
1109 2356 1323 2438 cognoscitur.

193 2450 315 2538 Aperte
337 2450 422 2516 enim
445 2453 479 2516 in
501 2451 574 2517 aliis
596 2449 741 2516 eiusdem
762 2453 891 2533 generis
913 2451 1078 2518 vocabulis
1100 2453 1220 2520 veteris
1236 2457 1324 2519 uve·

194 2548 290 2631 stigia
312 2549 346 2613 in
368 2547 516 2614 dialcetis
538 2553 675 2614 exutam.
714 2548 837 2613 Summi
859 2548 920 2613 hae
940 2549 975 2613 in
997 2569 1033 2615 re
1054 2549 1208 2615 momenti
1232 2553 1324 2617 Eleo·

194 2667 264 2713 rum
287 2643 416 2732 aaaron
431 2647 475 2725 (6)
498 2644 701 2734 ρνονρήτρα
716 2651 774 2712 est.
804 2644 895 2711 Idem
910 2647 995 2712 enim
1010 2646 1155 2714 valetde
1170 2636 1323 2734 νρᾶτραε

194 2740 303 2824 Voce,
330 2769 400 2828 sep,
431 2743 516 2828 quod
539 2743 581 2810 de
604 2747 766 2830 φαίνόπαι
782 2766 789 2809 :
805 2740 1009 2823 ὑποδέχεται
1032 2752 1109 2828 etc.;
1138 2765 1215 2810 nam
1238 2745 1324 2829 quod

194 2841 332 2907 Alienus
349 2841 424 2906 huie
438 2841 509 2906 voci
524 2839 665 2906 radicem
687 2838 777 2924 *foc
793 2860 850 2923 pro
872 2836 957 2925 *aaa
980 2844 1109 2925 (secem,
1134 2840 1230 2926 alca)
1252 2843 1325 2910 sub-

195 2937 314 3018 stituit,
343 2937 404 3002 hoo
432 2957 561 3020 prorsus
589 2958 647 3022 pro
677 2937 812 3020 imperio
841 2936 959 3003 iactum
988 2959 1059 3007 esse
1081 2939 1137 3005 vix
1159 2945 1211 3006 est
1238 2940 1324 3024 quod

194 3053 354 3101 moneam.

281 3129 355 3198 Pari
378 3129 517 3213 denique
534 3130 630 3198 modo
653 3131 695 3199 de
716 3138 779 3216 κρᾶ
794 3157 887 3216 raso,
910 3130 1048 3218 κρατήρ,
1070 3129 1228 3217 ἄκρᾶτος,
1250 3137 1324 3219 κίγ-

196 3231 300 3312 κρᾱμι
316 3250 323 3292 :
339 3225 530 3311 κεράννυμι,
554 3229 718 3314 κεραμεύς
734 3237 792 3296 eta
809 3229 1017 3296 iudicandum
1032 3237 1091 3297 est.
1122 3231 1248 3298 Eodem
1263 3223 1337 3300 ior?

195 3332 283 3393 tasse
299 3324 433 3390 Pindari
449 3324 530 3391 illud
548 3321 792 3410 (θεώ-δμᾶτος,
811 3322 1018 3408 (aiil-ripheos
1033 3351 1040 3392 :
1058 3325 1150 3410 ὁέμω
1172 3329 1323 3412 pertinet.

280 3421 446 3489 Accedunt
468 3441 527 3489 eae
548 3422 690 3505 radices,
719 3423 855 3506 quaein
881 3423 962 3507 ipsis
991 3423 1137 3492 dialectis
1159 3425 1322 3510 daphnem

195 3519 318 3586 vocalis
329 3519 519 3602 qualitatem
534 3511 579 3597 (et
593 3545 609 3587 ε
625 3527 658 3588 ct
669 3524 702 3596 α)
718 3521 883 3587 exhibent.
917 3521 968 3586 Ab
987 3522 1037 3588 his
1052 3522 1148 3605 igitur
1163 3524 1191 3590 si
1201 3524 1323 3590 formae

195 3615 327 3699 longam
354 3617 509 3709 vocalem
528 3617 718 3684 exhibentes
746 3615 962 3698 descendant,
992 3619 1112 3688 formae
1141 3639 1214 3686 oum
1237 3647 1256 3709 η
1281 3620 1322 3687 ad

196 3712 342 3779 vocalem
357 3738 373 3780 e
388 3713 517 3796 radicis,
539 3713 659 3782 formae
681 3735 751 3781 cum
767 3739 790 3780 α
804 3714 848 3782 ad
866 3716 1012 3782 vocalem
1034 3739 1057 3779 α
1078 3717 1198 3785 radicis
1220 3719 1322 3803 appli-

113 3821 119 3829 “
197 3808 330 3877 mndae.
343 3817 428 3876 sunt
470 3810 542 3876 Euo
562 3810 681 3878 refero:

285 3910 323 3982 i).
342 3907 430 3972 πλα-
450 3941 493 3954 ·-
514 3908 652 3986 πλᾶθος
674 3913 750 3991 (41),
772 3907 966 3991 πιμπλάναι

344 4003 427 4072 πλε,-
450 4037 493 4050 -
514 4004 653 4092 πλῆθος
674 4009 751 4088 (ll),
774 4004 879 4088 πλέω,
900 4005 1063 4083 πλεῖστος
