2916 4872
226 406 266 469 70
722 411 855 467 Baunaolr

225 589 284 665 est,
307 590 418 652 oontra
439 584 558 651 oretioa
579 585 682 650 forma
703 586 745 652 ab
769 585 930 670 Hesyohio
953 589 1120 651 asservata
1140 579 1231 657 τάως
1254 577 1357 658 (τέως

224 685 368 768 Κρῆτες)
390 681 435 747 ad
448 681 585 748 ablativi
599 682 831 750 adieetivorum
846 681 1006 750 formandi
1022 680 1180 747 rationem
1202 678 1358 763 pertinet.

224 779 338 863 Neque
360 780 446 846 enim
468 779 684 847 Delbrueokio
708 779 810 858 (Stud.
834 781 868 846 ΙΙ
889 803 921 866 p.
947 783 1006 846 198
1029 778 1114 845 Adn.
1137 782 1171 857 2)
1193 795 1255 843 neo
1276 775 1359 841 liei-

224 882 309 944 stero
325 878 429 954 (Stnd.
445 878 492 945 IV
506 899 538 964 p.
553 881 627 958 377)
644 877 794 946 assentiri
815 898 955 963 possum,
979 879 1032 961 qui
1047 897 1120 944 eam
1135 895 1203 942 rem
1225 874 1359 960 plonius

225 980 399 1042 tractantes
428 977 667 1061 Hesychianam
703 975 845 1058 glossam
880 973 971 1054 τάως
1003 983 1133 1060 propter
1161 973 1358 1040 sanseritum

226 1075 314 1136 ruant
335 1075 367 1138 in
389 1079 471 1150 τᾶος
493 1072 681 1139 mutandam
698 1093 769 1140 esse
784 1081 984 1141 oensuerunt
1017 1073 1121 1152 Quam
1143 1072 1358 1137 mutationem
1448 1079 1456 1152 ζ

223 1170 340 1236 falsam
371 1189 443 1237 osse
472 1191 538 1240 non
571 1172 674 1237 solnm
703 1171 803 1239 series
831 1172 1008 1238 litterarum
1041 1169 1137 1236 dooet
1167 1166 1228 1234 sed
1257 1168 1358 1234 etiam

224 1267 352 1349 glossae
380 1265 467 1348 quod
494 1267 641 1334 additum
670 1275 733 1352 est:
768 1270 826 1335 καὶ
857 1267 990 1345 δασέως
1018 1265 1058 1333 τὸ
1089 1264 1207 1352 ὄρνεον
1239 1266 1357 1341 (Plau).

224 1364 373 1445 Denique
388 1363 431 1429 ad
446 1385 556 1430 eorum
572 1365 786 1432 ablativorum
801 1367 986 1450 analogiam
1008 1365 1106 1433 etiam
1128 1365 1358 1450 pronominum

224 1461 442 1543 personalium
463 1463 615 1546 genetivi,
638 1465 692 1546 qui
714 1464 871 1548 diountur,
895 1464 1030 1530 ablativi
1047 1482 1120 1530 esse
1141 1462 1221 1527 mihi
1243 1461 1359 1528 viden-

224 1565 276 1624 tur
305 1559 422 1641 partim
450 1559 541 1626 brevi
568 1561 686 1644 partim
714 1562 811 1646 longo
834 1560 949 1628 suffixo
977 1560 1114 1626 formati.
1158 1559 1204 1625 Ut
1226 1559 1313 1626 enim
1336 1579 1359 1625 a

190 1678 192 1684 ¹
226 1656 326 1740 stirpe
348 1677 466 1721 mama·
483 1657 645 1724 ablativus
661 1669 783 1723 memor
806 1658 982 1739 deseendit,
1004 1659 1051 1724 ita
1066 1677 1107 1723 ex
1122 1655 1234 1741 majo,
1259 1677 1357 1740 quam

225 1773 267 1820 ex
290 1755 401 1839 lingua
422 1754 526 1821 latina
540 1755 687 1822 novimus
702 1756 839 1840 ideoque
853 1757 887 1822 in
905 1776 1022 1840 graeca
1043 1774 1169 1838 quoque
1193 1755 1358 1821 exstitisse

226 1853 384 1919 ooniioere
398 1873 577 1936 possumus,
600 1854 735 1920 ablativi
749 1851 878 1938 imojot
891 1861 923 1919 et
937 1851 1066 1937 *majest
1085 1858 1182 1936 atque
1199 1870 1241 1918 ex
1256 1853 1356 1935 stirpe

226 1950 258 2014 in
282 1971 387 2035 paene
409 1951 557 2017 omnibus
579 1952 698 2036 linguis
720 1951 866 2035 cognatis
881 1951 999 2018 usitata
1018 1960 1105 2013 ravo·
1121 1949 1237 2016 eodem
1260 1949 1356 2016 modo

225 2047 360 2112 ablativi
372 2045 483 2110 *tonat
495 2054 527 2112 et
540 2045 655 2111 *tuost
666 2048 803 2116 derivari
818 2055 961 2132 possunt.
984 2047 1076 2127 Quae
1086 2053 1223 2130 quatuor
1234 2047 1356 2114 formae

226 2163 300 2210 mea
313 2144 443 2225 quidem
459 2145 620 2212 sententia
636 2166 677 2212 ex
691 2146 839 2212 omnibus
854 2146 920 2212 illis
934 2166 1033 2229 supra
1044 2145 1162 2211 allatis
1177 2145 1356 2213 Dorismi

112 2259 115 2266 ⁴
225 2241 370 2307 formis
399 2247 568 2324 apparent.
619 2245 738 2309 Earum
766 2248 875 2308 autem
903 2249 991 2309 muta
1019 2242 1158 2308 dentalis
1187 2242 1223 2307 in
1252 2243 1355 2326 sigma

226 2344 349 2403 mutata
371 2344 476 2404 estut
498 2340 532 2404 in
555 2341 704 2406 omnibus
725 2340 889 2408 adverbiis
896 2388 905 2423 ‚
937 2361 1020 2425 quae
1045 2341 1081 2405 in
1102 2342 1153 2402 -ᾶι
1179 2339 1355 2422 antiquitus

226 2436 382 2502 exierunt.
419 2435 490 2514 Quo
512 2437 647 2520 probato
667 2438 749 2505 nihil
772 2439 879 2504 obstat
901 2439 1070 2521 quominus
1092 2436 1243 2504 oretioum
1265 2436 1354 2522 τέορ,

227 2532 313 2616 quod
335 2534 453 2616 legitur
474 2534 563 2618 apud
584 2535 780 2620 Hesychium
810 2535 917 2622 (τέορ·
948 2541 1008 2603 σοῦ
1031 2540 1192 2620 Κρῆτες),
1224 2536 1286 2602 hae
1306 2555 1354 2601 ra-

226 2632 314 2698 tione
336 2632 544 2716 explioemus,
567 2639 603 2703 ut
625 2639 656 2699 et
677 2630 885 2700 mutationem
908 2641 1016 2700 mutae
1036 2633 1071 2697 in
1085 2633 1189 2715 sigma
1210 2631 1302 2698 illam
1324 2638 1354 2698 et

226 2729 454 2796 rhotaoismum
481 2750 612 2813 passum
643 2751 714 2798 esse
741 2738 929 2798 statuamus.
966 2731 1080 2810 'Quare
1109 2731 1206 2796 etiam
1235 2730 1269 2796 in
1295 2731 1354 2795 hoo

227 2846 304 2892 oasu
333 2827 499 2909 antiquam
529 2827 662 2893 formam
691 2829 810 2896 oretioa
840 2829 996 2895 dialeotus
1025 2827 1220 2906 asservavit,
1253 2845 1353 2910 aeque

227 2930 325 3005 atque
346 2923 522 2990 aoousativi
545 2925 678 2989 formam
700 2927 790 2992 illam
813 2926 1009 3011 singularem
1023 2923 1082 3010 τρέ
1106 2925 1250 3009 praebet,
1272 2943 1352 3008 quae

228 3039 270 3086 ex
291 3020 515 3101 antiquissima
537 3030 589 3084 toa
610 3030 688 3088 nata
710 3031 768 3092 est.

314 3128 407 3194 liano
420 3129 517 3212 igitur
538 3130 709 3197 formarum
728 3133 958 3200 doricarum
981 3134 1097 3201 seriem
1119 3131 1351 3216 proposuerim:

318 3301 347 3375 u)
433 3296 558 3449 *masat
863 3306 895 3381 a)
1026 3301 1155 3454 *aalys

294 3462 299 3468 '
417 3449 578 3536 *i-pejoc
1016 3453 1189 3546 fii-pejus

449 3535 551 3688 ipsios
1050 3539 1160 3689 ἐμεῙως

284 3721 381 3806 ipsios
455 3722 558 3808 ἐμοῦς
622 3723 722 3808 ἒμεῦς
864 3726 969 3810 epicos
1245 3727 1328 3810 ἒμώς

864 3879 949 3963 ipio)
973 3881 1040 3952 (ein
1063 3876 1211 3959 abrumpi)

318 3973 360 4065 Et
379 4001 415 4065 in
436 4001 579 4069 secunda
600 4023 754 4086 persona:
1046 4007 1048 4014 ’
