2968 4866
420 381 596 449 Quaestiones
614 381 836 484 dialectologicae
852 399 974 454 graecae.
1196 383 1256 448 261
1305 375 1309 387 Χ

231 555 276 619 Il.
307 553 445 618 Attica
466 554 500 618 in
522 553 706 620 universum
722 575 832 622 omncs
847 555 1019 638 productas
1035 561 1056 622 ἆ
1072 559 1106 624 in
1122 583 1141 645 η
1159 569 1260 628 mutat

306 651 449 735 exceptis
472 651 521 730 iis,
544 651 660 734 quibus
682 678 711 736 ρ,
736 678 758 730 ι,
783 677 798 719 ε
822 653 995 737 praecedit.

213 750 276 814 III.
308 748 452 815 Ionica
473 768 515 814 ne
537 756 612 815 ante
635 775 670 833 ρ,
698 775 727 828 ι,
755 774 771 816 ε
794 749 923 834 quidem
946 756 968 816 ᾶ
991 753 1096 819 vocali
1124 774 1259 836 parcens

307 846 425 928 ubique
446 845 514 912 iere
536 871 555 932 η
580 867 638 930 pro
662 851 682 910 ᾶ
706 847 847 914 exhibet.

214 946 378 1010 lambere
397 942 438 1009 de
459 943 521 1010 hac
542 951 611 1009 tota
631 963 666 1010 re
689 945 855 1029 scripturo,
879 953 914 1012 ut
935 947 1063 1030 habeat,
1087 947 1173 1016 unde
1187 971 1259 1032 pro-

128 1041 289 1134 ficiscatur
312 1040 497 1124 disputatio,
526 1041 608 1108 haec
629 1042 765 1124 primum
789 1045 932 1126 quaestio
948 1045 1055 1125 oritur,
1079 1065 1141 1128 quo
1163 1046 1258 1113 modo

128 1141 204 1207 talis
236 1139 445 1205 dialectorum
476 1138 537 1204 hac
566 1140 600 1204 in
629 1159 664 1205 re
694 1138 909 1226 discrepantia
937 1149 1008 1208 orta
1035 1142 1085 1208 sit·
1131 1145 1258 1212 Etenim

126 1258 233 1322 nuper
254 1237 285 1304 J.
304 1235 510 1318 Schmidtius,
533 1237 582 1301 vir
605 1237 807 1305 doctissimus
829 1247 925 1322 atque
947 1241 1181 1325 sagacissimus,
1206 1266 1260 1311 ex·

128 1335 254 1420 posuit,
286 1333 363 1418 quid
386 1333 427 1400 de
449 1334 510 1400 hac
532 1342 599 1402 tota
621 1336 814 1403 Graecorum
836 1342 858 1402 ᾶ
881 1339 915 1403 in
937 1363 956 1424 η
981 1341 1157 1408 mutatione
1178 1341 1260 1408 iudi-

129 1440 227 1499 caret.
273 1431 358 1497 Dicit
380 1431 476 1515 igitur
498 1433 585 1511 (Voc.
601 1434 634 1497 ll
660 1435 719 1498 190
735 1441 852 1517 sequi:
886 1435 1052 1514 „Sollen
1080 1438 1152 1526 wir
1179 1460 1259 1506 nun

127 1530 326 1614 glauben,
357 1529 453 1597 dass
476 1553 504 1594 z.
527 1531 559 1594 b.
579 1530 863 1613 urgriechisoh
886 1521 943 1613 μαῖ’
963 1533 1185 1604 einerseits
1207 1537 1259 1602 im

127 1628 368 1709 ionischen,
393 1626 680 1694 andererscits
701 1649 805 1711 ganz
827 1630 1102 1715 unabhangig
1125 1632 1259 1702 daron

127 1726 178 1791 im
214 1725 474 1806 lesbischen‚
514 1725 762 1793 bectinchen
797 1730 921 1809 (pet),
959 1727 1177 1797 dorischen
1214 1753 1259 1797 zu

126 1821 178 1908 μή
203 1815 434 1906 'geworden
468 1822 551 1902 sei?
602 1824 664 1889 Ist
694 1843 734 1888 es
768 1824 880 1889 nicht
912 1824 969 1888 vil
1002 1827 1261 1894 nathrlicher

127 1943 177 1988 an
201 1939 427 2001 cunamen,
451 1919 965 2005 dassaufeinempunhte
988 1921 1260 2005 dcsgriechi-

129 2020 255 2086 schen
284 2018 443 2084 damals
472 2019 576 2084 noch
610 2020 651 2084 in
682 2020 1093 2088 ununterhrochener
1121 2024 1258 2088 conti-

128 2115 1257 2200 nuitatverlauicndensprachgebietcsbeidenloncrn

118 2214 217 2290 ‚sich
235 2214 306 2280 der
325 2215 452 2297 klang
468 2213 537 2279 des
553 2214 667 2280 alten
683 2214 961 2281 uallmtthlioh
984 2237 1028 2280 zu
1043 2242 1062 2303 η
1080 2219 1257 2300 erhdhte,

128 2313 210 2378 und
241 2311 338 2378 dass
368 2310 456 2378 dise
485 2311 693 2394 erhohung
720 2312 806 2377 sich
836 2312 934 2379 llher
960 2313 1022 2380 die
1045 2316 1258 2384 naehbarn

127 2447 169 2456 -
192 2431 253 2475 um
274 2411 381 2476 mein
403 2409 540 2474 frither
569 2409 769 2492 gewttltes
796 2408 883 2474 bild
910 2431 956 2476 zu
984 2412 1194 2481 brauchen
1215 2452 1259 2462 -

126 2505 1258 2590 inimmerschwacherwer‘denderwelleverbreiteta?

127 2607 203 2672 Dic
225 2605 439 2672 tatsachen
460 2605 643 2687 zwingen
665 2625 711 2669 zu
734 2603 846 2670 diser
866 2625 1054 2686 anname,
1081 2609 1155 2674 wie
1177 2630 1258 2675 um·

126 2705 278 2788 gekcrt
300 2699 389 2770 dise
412 2722 582 2768 anname
605 2702 688 2768 alle
711 2702 924 2767 tatsachen
947 2703 1137 2769 erklitrt.“

215 2802 341 2869 Vellem
363 2800 505 2884 proiecto
528 2799 703 2883 placuisset
724 2800 792 2863 viro
815 2799 991 2865 clarissimo
1013 2801 1123 2883 paullo
1151 2804 1256 2885 copio-

127 2902 194 2968 sius
218 2899 259 2965 de
281 2900 331 2965 his
358 2899 505 2963 omnihus
533 2897 691 2964 disserere
718 2897 829 2980 rebus;
860 2895 1012 2963 confiteor
1034 2897 1118 2963 enim
1141 2918 1193 2965 me
1215 2920 1256 2966 ex

126 3000 216 3066 illius
245 2996 405 3064 sententia
433 3001 465 3062 et
493 2995 633 3076 ratione,
663 2994 808 3077 quamvis
837 2994 910 3060 aliis
937 2994 971 3058 in
999 2996 1104 3062 causis
1127 3004 1159 3062 et
1186 3019 1257 3082 pro-

126 3096 239 3163 banda
266 3095 308 3160 sit
335 3102 368 3160 et
396 3094 563 3176 probetur,
594 3091 803 3158 dialectorum
831 3093 892 3158 hac
921 3092 955 3158 in
977 3112 1012 3159 rc
1035 3093 1256 3162 condicionem

127 3195 361 3278 explicaturum
390 3192 423 3256 in
453 3191 584 3257 summis
609 3197 705 3272 atque
726 3190 924 3272 gravissimis
947 3192 1068 3257 versari
1091 3190 1257 3258 difficulta-

126 3293 223 3358 tibus.
267 3289 430 3372 Imprimis
458 3295 565 3354 autem
588 3288 748 3371 quomodo
777 3288 836 3354 ille
856 3289 941 3354 inter
962 3289 1058 3355 Iones
1079 3296 1112 3355 et
1133 3290 1259 3356 Atticos

127 3397 229 3456 totum
251 3386 334 3452 illud
357 3385 527 3452 discrimen
551 3392 653 3451 ortum
675 3405 746 3452 csse
768 3387 856 3466 velit,
879 3405 1009 3468 prorsus
1030 3406 1082 3452 me
1104 3385 1193 3467 fugit.

214 3490 266 3552 An
294 3504 387 3567 vero,
419 3484 447 3550 si
475 3483 603 3566 quidem
634 3483 798 3549 historiam
833 3481 944 3565 populi
977 3482 1084 3564 graeci
1117 3489 1256 3566 spectas,

126 3584 310 3668 antiquiore
344 3582 452 3665 aliquo
488 3589 632 3665 tempore
665 3581 763 3646 Attici
799 3587 831 3646 ct
864 3580 959 3644 lones
992 3579 1128 3645 seiuncti
1159 3571 1285 3661 atquc'

126 3682 270 3766 separati
290 3679 464 3747 vixerunt?
493 3680 610 3744 Nonne
632 3685 757 3744 constat
778 3677 900 3743 Atticos
922 3675 1084 3758 quondam
1106 3682 1138 3743 et
1160 3677 1257 3744 lones

127 3799 226 3844 unam
255 3777 457 3861 eandemque
484 3786 613 3860 gentem
642 3775 756 3856 fuisse,
785 3775 992 3842 dialectorum
1018 3779 1123 3838 autem
1147 3773 1256 3840 discri-

127 3877 217 3942 mina
239 3895 310 3942 esse
333 3882 418 3955 orta,
444 3894 514 3940 oum
536 3873 634 3938 Attici
657 3874 763 3938 coloni
785 3893 825 3938 ex
848 3871 954 3936 Attica
977 3870 1111 3954 digressi
1133 3871 1166 3935 in
1189 3893 1255 3937 ma·

126 3973 241 4041 ritimis
255 3973 355 4039 Asiae
376 3972 560 4056 regionibus
582 3969 822 4037 constitissent?
849 3968 958 4050 Quid?
979 3969 1014 4034 in
1029 3967 1108 4054 ipsis
1124 3969 1255 4036 Homeri
