2986 4864
222 409 264 465 De
281 408 393 466 ablativi
409 409 439 464 in
456 409 591 465 veteribus
609 408 707 478 linguis
724 408 822 465 italicis
840 409 927 465 iorma
945 415 972 464 st
989 426 1041 466 usu
1058 409 1147 465 locali.
1184 407 1245 468 417

251 579 328 646 illae
349 579 476 646 transiit
497 581 540 646 ad
561 601 630 647 nos.
664 583 757 646 Tmo.
781 581 822 663 11,
849 587 876 662 1,
900 586 950 648 37.

252 696 385 759 sequere
407 678 542 744 haume
563 678 605 744 ad
628 678 739 745 forum.
769 678 884 745 Pseud.
910 683 1000 744 1229.

252 775 279 840 si
300 775 382 842 istae
402 774 465 839 ibis
487 823 519 840 ..
542 775 603 840 beo
624 776 678 840 ibo
701 777 815 860 potius.
846 777 940 844 Mero.
965 780 1037 843 219.

250 871 295 936 ite
317 873 378 937 beo
400 871 443 936 ad
464 874 653 938 eantbamm
675 881 761 940 reeta
783 875 845 940 viu.
876 874 926 940 Ps.
954 879 1044 938 1051.

250 969 311 1034 iter
334 968 395 1034 hac
416 969 524 1036 babai.
554 970 627 1035 Ter.
652 973 732 1036 Eun.
759 974 849 1038 1065.

208 1086 248 1151 In
272 1086 428 1153 eiusmodi
449 1087 546 1170 igitur
568 1089 741 1156 enuntiatis
768 1088 828 1152 tue
849 1089 905 1154 vix
927 1089 1019 1156 aliter
1041 1094 1137 1172 atque
1160 1086 1246 1149 tier·-
1273 1114 1275 1124 ι

122 1182 175 1246 ltin
191 1184 411 1267 interpretere.
442 1184 507 1250 Sed
523 1184 615 1250 facile
630 1193 679 1252 est
693 1187 870 1268 intellectu,
894 1187 1052 1270 quomodo
1067 1186 1117 1251 vis
1133 1186 1245 1250 borum

121 1280 347 1347 adverbiorum
363 1281 431 1354 buo,
455 1283 538 1355 dieo,
561 1302 643 1364 quae
660 1284 702 1348 ab
718 1303 756 1350 eo
772 1285 857 1367 quod
873 1291 922 1352 est
937 1305 977 1350 ex
995 1283 1055 1346 boo
1074 1293 1169 1369 parte
1190 1291 1246 1350 aut

121 1376 180 1440 buo
202 1379 254 1440 uio
275 1378 420 1461 primitus
442 1378 572 1446 diversa
594 1399 658 1446 uon
680 1380 816 1462 fuerunt,
839 1382 885 1447 ite
905 1382 1020 1448 mutari
1043 1381 1189 1465 potuerit,
1212 1387 1246 1446 ut

121 1482 282 1557 postremo
305 1496 325 1540 a
347 1477 379 1540 vi
402 1475 528 1540 dorthin
557 1477 624 1543 iere
651 1497 715 1544 uon
744 1478 896 1545 differret.
942 1481 990 1545 De
1019 1479 1244 1563 vocibusque,

120 1572 185 1645 illo,
209 1571 277 1644 too,
302 1575 375 1638 illue
397 1574 459 1641 boo
479 1574 550 1640 loeo
571 1569 634 1640 uon
649 1583 827 1658 quaeretur,
851 1575 910 1642 has
933 1577 1017 1642 enim
1040 1577 1158 1641 formas
1181 1596 1246 1641 nou

121 1669 282 1735 ablativos
315 1671 372 1737 sed
402 1671 531 1738 dativus
559 1691 629 1739 esse
656 1672 834 1738 rectissime
866 1673 906 1737 ab
938 1673 1115 1754 Hartungio
1148 1678 1245 1753 atque

121 1766 230 1833 Curtio
258 1767 468 1835 intellectum
484 1773 546 1851 est,
581 1769 635 1851 qui
663 1769 808 1837 homiues
836 1767 1010 1836 doctissimi
1043 1768 1142 1834 verba
1172 1788 1243 1852 quo,

120 1885 157 1928 eo
181 1884 222 1930 ex
244 1867 327 1950 quoi,
351 1867 403 1929 eoi
422 1872 534 1932 exorta
556 1886 627 1933 esse
649 1871 773 1949 putant.

205 1962 391 2030 Invenimus
412 1963 508 2046 igitur
530 1963 712 2046 quaerendo
727 1964 950 2048 antiquissima
970 1962 1101 2044 liuguae
1122 1961 1250 2028 latinae·

119 2064 243 2140 aetate,
275 2079 315 2125 ex
345 2080 408 2143 qua
437 2059 546 2141 aliqua
572 2059 686 2125 notitia
712 2061 754 2126 ad
784 2081 843 2127 uos
872 2059 1033 2145 pervenit,
1064 2058 1242 2125 ablativum

24 2233 29 2242 ‚
118 2175 233 2240 purum
255 2177 361 2239 paene
383 2159 428 2224 sie
451 2164 485 2223 ut
506 2157 799 2240 iudogermauioum
820 2158 998 2225 adhibitum
1021 2175 1101 2238 esse,
1124 2156 1244 2222 sensim

22 2316 24 2342 ἶ
118 2261 226 2320 autem
250 2255 522 2338 praepositionum
539 2255 679 2321 maxime
694 2275 766 2320 eum
780 2256 907 2324 essibus
930 2255 1167 2321 oouiunotarum
1184 2271 1246 2336 ope

21 2347 31 2424 :³
118 2351 154 2418 id
169 2353 318 2419 effoetum
335 2371 415 2434 esse,
439 2358 474 2432 ut
487 2352 648 2418 ablativus
665 2372 736 2417 eum
760 2353 898 2418 looativo
921 2360 1050 2436 propter
1073 2351 1246 2417 multarum

119 2448 291 2515 formarum
315 2449 556 2523 similitudinem
578 2448 836 2515 oouiuuderetur.
