2986 4864
431 427 434 433 ’
478 445 520 500 De
538 447 674 506 Alcmanis
692 455 788 520 poetae
806 453 930 512 dialecto.
1206 463 1267 525 355

138 614 310 682 cessariae.
355 617 444 683 Dura
475 620 597 686 vocalis
626 641 697 687 oum
727 626 816 692 molli
843 627 877 692 in
912 629 1144 718 diphthongum
1173 637 1267 704 abiit:

138 708 256 778 εἶδον
287 715 325 779 11.
349 718 405 799 61;
435 727 536 795 παῖς
558 719 739 786 naiades
765 722 802 788 11.
826 727 880 808 38,
910 729 1179 810 quemadmodum
1202 734 1269 799 edi-

135 820 224 878 tores
237 819 416 895 praeeuntc
428 814 576 899 Bentlejo
592 817 743 898 scribunt,
759 838 829 886 cum
844 822 971 890 codices
986 827 1128 895 παίσδει
1142 837 1267 896 tantum

137 909 191 975 vel
219 908 352 995 παίσδη
385 912 574 996 praebeant,
608 922 743 980 metrum
773 935 850 984 vero
878 926 943 987 tres
975 923 1090 1007 longas
1122 929 1269 1012 syllabas

136 1013 268 1090 poscat3
291 1006 648 1094 westmonast
676 1013 804 1096 (Blass),
828 1016 984 1095 παῖδες
1006 1021 1042 1084 ir.
1061 1026 1102 1088 66
1125 1025 1275 1103 (Hecken¹

137 1101 245 1180 πεδ’).
275 1105 338 1176 Pro
354 1105 528 1187 παίδεσσι,
550 1109 636 1192 quod
652 1111 812 1193 quondam
835 1115 1031 1197 scripserunt
1051 1120 1090 1185 11.
1108 1125 1157 1202 74,
1181 1143 1267 1188 nunc

137 1203 247 1285 Bergk
272 1201 411 1268 πέδεσνι
434 1204 523 1271 dedit
545 1206 625 1283 (cod.
649 1205 818 1286 πέδεσσι).
858 1212 1021 1280 Diaeresis
1046 1216 1080 1280 in
1103 1217 1164 1284 hac
1186 1239 1266 1286 voce

136 1306 266 1383 praeter
288 1301 462 1366 Homerum
491 1323 576 1368 nunc
603 1305 719 1387 legitur
741 1307 856 1372 Anacr.
886 1309 922 1372 ir.
948 1314 997 1376 17.
1026 1347 1068 1359 -
1095 1315 1143 1380 De
1166 1312 1266 1380 Ἀίδα

137 1394 280 1462 effluvio
293 1403 371 1481 'pan
391 1405 417 1462 1.
435 1403 474 1462 32
493 1399 562 1481 jam
577 1408 703 1468 veteres
719 1403 961 1488 dissentiebant,
986 1411 1070 1491 quod
1087 1431 1128 1477 ex
1143 1413 1266 1479 scholio

136 1493 300 1578 adscripto
323 1497 357 1559 in
382 1497 526 1579 margine
548 1507 692 1581 apparet.
731 1501 769 1566 cl.
793 1503 870 1567 Ahr.
901 1504 1014 1571 Philol.
1038 1508 1168 1574 XXVII
1192 1514 1265 1576 595.

222 1593 397 1659 Praeterea
420 1593 574 1661 diaeresis
596 1603 732 1680 apparet
754 1598 786 1661 in
809 1618 888 1666 voce
901 1597 1067 1688 Ἀρήϊον
1091 1626 1165 1689 pap.
1185 1613 1211 1670 1.
1228 1612 1265 1688 ὃς

137 1683 304 1772 ἀνδρείων
327 1691 478 1756 Meineke
500 1693 591 1758 metti
614 1695 719 1776 gnatia
735 1693 845 1760 scribit
867 1697 988 1781 (Bergk
1004 1697 1169 1784 ἀνδρείων
1193 1723 1264 1768 cum

136 1785 256 1870 libris),
286 1788 327 1852 ef.
351 1790 397 1853 tit.
422 1787 505 1854 Oret.
532 1793 625 1855 2554.
658 1796 685 1856 1.
718 1793 758 1854 34
787 1787 958 1878 ἄνδρήῑον.
1002 1792 1051 1882 ἠδ
1078 1798 1115 1862 11.
1137 1803 1176 1862 33
1207 1821 1264 1882 pro

135 1884 256 1952 codicis
281 1882 330 1962 oti,
354 1886 439 1968 quod
462 1887 494 1952 in
517 1905 643 1952 versum
666 1894 787 1968 peccat,
810 1889 843 1952 in
866 1897 987 1956 textum
1012 1903 1172 1978 receptum
1197 1904 1263 1982 cst,
1361 1923 1364 1927 ·

136 1982 194 2048 scd
219 1977 411 2066 εὖντύρνω
433 1984 471 2048 11.
495 1987 531 2063 4,
556 1979 757 2065 εὐνομίας
779 1986 815 2049 11.
840 1989 890 2051 62.

223 2077 364 2162 Orasis,
381 2100 475 2162 quam
487 2081 569 2164 epici
580 2101 651 2144 raro
663 2080 845 2162 admittunt,
862 2083 949 2166 apud
961 2085 1149 2154 Alcmanem
1164 2111 1263 2176 popu·

54 2225 57 2230 -
134 2178 212 2244 laris
240 2177 549 2259 linguae-rationem
573 2185 714 2243 secutum
745 2180 873 2262 saepius
903 2185 1051 2248 occunit:
1077 2182 1191 2272 ovini
1214 2190 1263 2255 bis

133 2275 171 2339 11.
190 2280 240 2357 70,
264 2271 390 2359 nquit.
407 2278 457 2353 74,
483 2270 699 2360 κήρανῶ11.
721 2280 767 2358 18,
789 2275 1042 2361 χώπάραν11.
1060 2286 1109 2363 76,
1134 2276 1260 2351 δαῦτε

133 2373 171 2438 11.
196 2375 237 2437 36
262 2372 392 2450 (Buttm.
416 2371 536 2448 δεῦτε).

220 2469 431 2554 Synizesis
452 2468 485 2531 in
509 2469 558 2533 bis
580 2470 746 2536 vocabulis
768 2477 868 2537 metro
891 2476 1082 2555 postulatur:
1119 2478 1262 2546 δοκέει

132 2587 210 2652 pap.
235 2569 265 2630 2.
292 2571 340 2646 11,
363 2569 536 2652 θεοῖσιν
559 2565 595 2632 11.
615 2571 656 2632 34
679 2566 760 2644 (cod.
783 2572 904 2649 θεοῖς),
928 2572 1125 2638 πυλεῶνα
1148 2575 1185 2639 11.
1213 2581 1260 2655 18,

134 2654 156 2750 ἦ
180 2657 251 2744 οὐχ
274 2683 348 2746 pap.
373 2666 402 2726 2.
430 2668 476 2726 16.

353 2902 373 2980 ξ
399 2905 446 2966 11.
491 2902 546 2965 De
568 2901 775 2965 vocalium
799 2903 1044 2984 quantitate.
1165 2904 1169 2912 “

221 3047 396 3113 Dorienses
419 3050 599 3131 complures
621 3049 764 3132 syllabas
786 3049 899 3116 finales
914 3051 1073 3134 corripere
1087 3053 1172 3118 soliti
1188 3075 1260 3122 csse

130 3146 324 3212 referuntur.
368 3144 462 3228 Apud
487 3147 673 3211 Alcmanem
704 3146 861 3229 ejusmodi
884 3155 933 3214 est
954 3143 1086 3228 Αἶας,
1118 3154 1203 3234 quod
1226 3154 1260 3218 in

131 3244 247 3326 quintov
260 3241 343 3324 pede
359 3242 510 3307 trochaici
526 3244 618 3308 metri
634 3250 723 3308 extat
737 3243 774 3309 11.
791 3248 842 3310 68.
876 3245 915 3310 ci.
932 3244 1087 3313 Choerob.
1102 3248 1135 3312 in
1150 3250 1258 3317 Bekk.

130 3338 246 3406 anecd.
270 3338 320 3402 III
342 3360 373 3422 p.
401 3343 491 3404 1182.

219 3436 300 3501 Item
323 3434 384 3512 τὰς
406 3434 567 3521 τροπὰς
589 3435 626 3499 11.
650 3440 689 3500 33
717 3436 847 3502 brevem
869 3439 1014 3502 vocalem
1038 3437 1189 3505 habuisse
1213 3443 1258 3507 vi-

132 3535 237 3614 detur,
267 3522 337 3597 cuni
366 3533 400 3598 in
430 3533 614 3620 systematis
643 3533 809 3617 dactylicis
836 3536 870 3598 in
898 3532 960 3599 fine
990 3533 1113 3616 periodi
1135 3537 1258 3620 amphi-

130 3649 240 3696 macer
261 3650 327 3695 non
350 3630 510 3696 admissus
531 3629 580 3696 sit.
626 3630 690 3695 Alii
708 3631 881 3697 accusativi
899 3631 1041 3714 plurales
1060 3632 1181 3713 primae
1205 3633 1259 3700 de·

132 3727 318 3795 clinationis
339 3748 405 3792 non
426 3729 577 3810 leguntur
597 3733 723 3810 praeter
747 3723 837 3808 ὥρας
859 3727 895 3790 11.
919 3730 969 3806 76,
993 3726 1034 3791 de
1057 3746 1119 3808 quo
1141 3731 1258 3796 centius

131 3825 307 3908 quidquam
329 3827 425 3890 statui
448 3826 574 3908 nequit,
601 3823 676 3906 quia
696 3824 844 3906 proxima
865 3842 929 3888 vox
951 3843 971 3888 a
992 3833 1190 3890 consonante
1211 3828 1258 3892 in-

131 3922 219 4005 cipit.
264 3923 379 4003 Neque
401 3923 457 3987 alii
479 3929 594 4004 poetae
616 3922 700 3986 hanc
722 3919 953 4002 correptionem
975 3919 1134 4001 ignorant.

219 4019 293 4084 Non
333 4019 439 4084 minus
471 4019 503 4083 in
541 4018 708 4084 infinitivis
744 4017 913 4082 verborum
945 4016 978 4080 in
1012 4040 1039 4080 ω
1073 4023 1256 4087 exeuntium

997 4119 1051 4171 23*
