2968 4866
408 437 585 507 Qmesnonss
604 439 822 509 dialectologicae
839 456 962 510 graecae.
1200 443 1270 505 307·

134 617 250 691 staret,
286 625 446 693 quaenam
475 611 613 695 duplicis
642 613 729 679 illius
758 604 880 682 'vocalis
908 635 927 677 o
950 617 1152 697 mutationis,
1181 637 1266 699 quae

132 715 163 778 in
180 709 331 777 omnibus
348 710 496 793 Europae
517 709 635 792 linguis
650 711 852 795 conspicitur,
876 731 992 778 causae
1006 713 1133 778 fuerint.
1165 715 1265 798 Brug-

132 829 247 876 manus
270 807 399 890 quidem
430 807 524 885 (stud.
549 808 597 872 lX
619 811 691 873 379.
715 811 790 886 382)
818 809 851 874 in
881 809 932 874 his
956 830 1082 894 quoque
1104 814 1264 893 quaestio·

131 909 225 973 nibus
248 905 457 988 sagacissime
479 912 512 970 et
533 904 716 970 doctissime
743 912 890 972 versatus
912 914 978 989 est,
1008 928 1079 974 cum
1102 909 1262 976 vocalium

131 1008 220 1070 illam
253 1002 469 1069 differentiam
496 1001 562 1066 iam
598 1002 709 1085 primis
741 1003 850 1087 indog.
878 1005 1075 1088 temporibus
1112 1014 1268 1074 accentus.

131 1105 290 1169 varietate
313 1108 414 1165 ortam
437 1118 509 1165 esse
531 1100 639 1166 vellet.
685 1100 883 1183 Quamquam
914 1103 974 1166 hoc
999 1103 1032 1166 in
1059 1105 1106 1169 rei
1130 1103 1264 1170 difficul-

132 1208 197 1268 tate
226 1201 346 1265 leviter
367 1198 419 1262 hic
441 1197 584 1280 tetigisse
607 1196 755 1278 sufficiet,
785 1217 857 1263 cum
884 1200 1073 1281 praesertim
1096 1201 1146 1266 lris
1168 1201 1264 1268 rebus

132 1299 173 1364 ad
195 1305 325 1364 nostras
348 1296 551 1378 quaestiones
573 1295 654 1359 nihil
670 1293 834 1360 efficiatur.
864 1296 934 1361 Hoc
949 1298 1034 1362 enim
1056 1299 1146 1363 nullo
1167 1300 1264 1363 modo

134 1397 245 1479 negari
276 1400 399 1476 potest,
429 1392 483 1456 diu
514 1398 586 1476 post
609 1393 715 1458 brevis
735 1394 858 1460 vocalis
879 1417 901 1458 α
922 1394 958 1460 in
981 1418 997 1460 e
1020 1399 1093 1461 eto
1116 1395 1265 1460 mutatio·

132 1513 203 1560 nem
228 1491 419 1576 productam
442 1490 586 1555 vocalem
607 1489 761 1555 intactam
782 1491 947 1556 restitisse.

216 1589 453 1672 comprobatur
467 1594 575 1652 autem
589 1587 672 1652 illud
687 1607 758 1653 oum
780 1588 859 1670 ipsis
880 1607 1017 1670 graecae
1038 1589 1172 1670 linguae
1195 1588 1265 1654 dia-

131 1689 233 1768 lectis,
260 1695 326 1752 tum
350 1685 481 1767 reliquis
505 1687 654 1768 Europae
675 1685 804 1766 linguis.

217 1785 299 1850 Oum
322 1784 406 1850 enim
430 1801 541 1848 omnes
564 1782 692 1848 dialecti
714 1782 949 1849 aeolo-doricae
979 1784 1013 1848 in
1040 1783 1134 1870 λέγῃ,
1166 1784 1265 1870 λέγη-

132 1906 186 1948 ται
209 1889 273 1950 etc.
297 1882 543 1946 concinnitatem
565 1880 672 1957 illam,
704 1899 799 1960 quam
822 1880 976 1961 diximus,
1003 1882 1161 1947 vocalium
1184 1882 1265 1964 peti·

131 1981 254 2058 verint,
278 1999 387 2044 rursus
409 1999 487 2043 una
509 1978 601 2043 elea
625 1977 782 2041 dialectus
805 1978 950 2042 vocalem
966 1982 988 2042 d
1002 1978 1036 2042 in
1060 1978 1264 2044 coniunctivo
1327 2017 1328 2022 κ

131 2096 259 2159 quoque
280 2077 429 2157 religiose
451 2074 601 2140 servavit.
636 2073 769 2156 Legitur
790 2072 839 2139 Ol.
862 2094 936 2140 nov.
960 2079 1179 2162 paludanum
1205 2081 1263 2140 16:

132 2171 228 2258 ὅπωρ
263 2172 299 2238 δὲ
331 2173 387 2236 καὶ
415 2168 436 2234 o‘c
462 2170 569 2253 ruodep
601 2173 778 2253 καταξιαιρ
801 2176 966 2256 φαινᾶται
992 2173 1132 2258 χάριτερ
1163 2169 1264 2237 ἄττα-

131 2271 347 2347 ποδτὸῶσσα,
371 2269 410 2334 ci.
433 2289 463 2332 v.
483 2275 520 2332 10
545 2267 693 2348 δέχεται;
717 2268 835 2334 deinde
857 2289 887 2333 v.
912 2273 952 2336 36
975 2265 1125 2358 ποήᾶται
1149 2267 1264 2356 (ποιή-

132 2383 246 2457 σηται)
264 2392 272 2433 τ
287 2368 368 2450 περὶ
393 2365 430 2431 δὲ
453 2373 501 2429 aad
523 2362 764 2445 ἀποσταλᾶμεν
781 2377 856 2449 τοῐρ
875 2367 1051 2452 Τενεόιοτρ
1067 2366 1106 2432 τὸ
1122 2366 1262 2451 γεγοτὸρ

131 2467 302 2554 euperpa
314 2463 511 2544 ἐπιμέλειαν
523 2461 909 2549 ποήαταιΝτττόδρομορ,
923 2465 961 2531 cl.
974 2486 1003 2530 v.
1017 2469 1054 2530 13
1066 2470 1267 2548 παρέχεται.

219 2563 348 2648 Optimo
370 2561 467 2644 igitur
488 2562 557 2627 iure
572 2560 669 2626 statui
690 2566 796 2643 potest
812 2562 846 2626 in
869 2561 1000 2644 prima
1015 2561 1263 2627 Graecorum

132 2664 278 2746 lingua
300 2659 479 2743 quondam:

525 2754 688 2840 ’*φέρετι
704 2776 711 2818 :
727 2757 852 2838 φέρᾶττ

544 2859 687 2939 φέρεται
702 2872 710 2915 :
726 2855 875 2935 φέρᾶται
896 2851 1048 2930 valuisse,
1073 2850 1262 2934 pracsertim

132 2977 204 3021 oum
227 2955 261 3018 in
283 2953 416 3034 reliquis
440 2954 588 3034 Europae
609 2948 829 3030 meridionalis
850 2948 986 3034 linguis,
1017 2948 1051 3014 in
1075 2948 1208 3014 latina
1230 2955 1265 3015 et

91 3101 94 3106 «
132 3053 299 3133 celtica,
323 3051 409 3116 idem
431 3068 560 3133 prorsus
580 3047 615 3112 in
636 3027 804 3113 indicativi
826 3053 858 3111 et
880 3046 1073 3112 coniunctivi
1095 3047 1262 3112 vocalibus

133 3157 235 3216 status
257 3148 482 3231 conspiciatur.
515 3146 554 3212 ci.
576 3145 687 3228 igitur:

132 3287 172 3352 el.
197 3289 341 3371 φέρεττε
358 3285 513 3369 φέρᾶτι,
512 3281 568 3346 lat.
547 3277 686 3363 tlepz't·
702 3279 794 3361 tepet,
818 3297 881 3344 osc.
903 3279 1024 3362 ροιτάτι,
1041 3281 1142 3344 umbr.
1156 3279 1262 3364 supa,

197 3387 342 3469 φέρετεε
358 3384 495 3465 (pendae,
560 3377 685 3474 lepitr'o:
702 3377 822 3458 lupatis,

424 3490 496 3554 celt
520 3487 605 3551 dauid
624 3489 732 3566 (lerllz
725 3485 825 3548 ·berc
847 3483 953 3563 (ferat)

520 3585 618 3659 berid,
642 3582 750 3646 beridlr
767 3606 774 3647 τ
791 3581 910 3656 ber-uid.

218 3739 313 3821 Quod
328 3759 398 3804 cum
415 3739 460 3804 ita
475 3739 526 3820 sit,
550 3739 599 3805 lris
617 3736 756 3802 maxime
778 3734 888 3799 lormis
910 3735 1134 3818 comprobatur
1155 3735 1260 3800 eleam

124 3841 304 3917 ‚dialectum
325 3837 458 3919 reliquis
480 3836 599 3902 diutius
621 3853 731 3901 veram
754 3839 786 3900 et
813 3833 953 3916 priscam
982 3832 1128 3896 vocalem
1151 3835 1172 3894 ἃ
1195 3851 1263 3897 ser·

132 3958 227 4005 vasse
256 3955 362 4019 neque
389 3933 571 4000 laudandos
593 3951 665 3999 esse
686 3950 758 4012 eos,
790 3931 843 4012 qui
872 3930 923 3995 his
950 3930 984 3994 in
1012 3931 1109 3996 rebus
1131 3929 1262 4012 linguae

132 4036 222 4118 leges
246 4041 279 4101 et
300 4033 432 4098 vincula
452 4033 617 4116 imponere
639 4029 799 4098 studeant.
833 4027 871 4092 cl.
894 4048 925 4110 p.
950 4028 1025 4128 267.Χ

1000 4127 1055 4180 20*
