2916 4872
392 455 398 468 ¹
491 433 613 490 Schedae
629 435 827 503 grammaticae.
1182 429 1221 492 '13

97 672 155 738 ΙΙΙ.
189 669 478 738 Multilormia
514 669 796 752 substantiva,
843 679 945 754 qua'e
978 691 998 737 a
1034 669 1116 737 rad.
1153 693 1223 747 rag

96 774 180 848 (scr.
215 774 296 850 cuc)
339 774 434 836 sunt
472 768 675 850 derivata,
720 768 975 854 colliguntur
1018 774 1056 837 et
1093 767 1225 852 expli·

588 873 741 935 cantur.
860 921 874 934 .

182 1003 223 1070 A.
269 1003 438 1071 Formae
459 1003 618 1070 suflixo
640 1027 768 1087 -ματ-
789 1004 924 1072 lictae.

183 1100 335 1168 Formam
357 1101 487 1186 plenam
509 1100 733 1184 (ὴεσ-ματ),
765 1121 785 1168 a
807 1122 871 1185 qua
893 1121 1019 1185 omnes,
1043 1120 1121 1184 quas
1141 1100 1226 1167 infra

98 1199 226 1283 collegi,
250 1199 364 1268 suffixo
386 1223 453 1282 ματ
474 1219 546 1266 cum
568 1199 677 1267 radice
699 1203 869 1266 coniuncto
887 1197 1095 1280 descendunt,
1118 1201 1151 1265 in
1174 1197 1225 1266 ed.

97 1297 224 1364 minore
252 1297 354 1364 Maur.
383 1295 578 1364 Schmidtins
609 1297 768 1381 reperisse
800 1298 862 1365 sibi
895 1297 1022 1366 videtur
1052 1297 1087 1362 in
1117 1299 1227 1381 glossa

97 1391 257 1479 γέσμα·
284 1400 432 1480 γεῦμα,
462 1393 497 1460 id
523 1395 608 1478 qnod
630 1395 708 1468 inde
730 1395 946 1480 colligendum
976 1403 1039 1478 est,
1070 1395 1156 1478 quod
1183 1394 1227 1462 ad

97 1494 182 1560 hane
203 1494 348 1578 glossam
371 1490 497 1576 ἐ’νόυμα
518 1494 608 1561 uncis
622 1494 779 1562 inclusum
794 1495 954 1580 apposuit.
984 1494 1075 1574 Quae
1097 1495 1227 1577 glossae

97 1592 323 1676 interpretatio
352 1592 489 1660 sirecte
511 1611 582 1660 sese
604 1592 753 1673 haberet,
783 1598 890 1677 γεῦμα
911 1593 944 1658 in
968 1590 1047 1675 εἷμα
1070 1594 1227 1674 corrigere

98 1691 169 1757 sine
192 1689 291 1756 dubio
313 1691 414 1756 multo
435 1696 521 1758 esset
534 1690 658 1756 melius.
689 1689 803 1773 Neque
824 1697 933 1758 tamen
953 1691 1030 1758 certi
1053 1688 1226 1772 quidquam

98 1794 206 1873 potest
221 1808 280 1871 pro
295 1806 335 1854 ea
350 1786 533 1855 coniectura
547 1787 714 1871 disputari.
744 1788 907 1872 Suspicari
923 1787 1008 1855 enim
1025 1787 1101 1854 licet
1118 1784 1228 1871 γέσμα

99 1907 156 1970 pro
186 1886 340 1970 *μεῦσμα
362 1905 442 1954 esse.
487 1884 553 1952 Fac
573 1885 607 1952 in
630 1884 769 1969 quadam
793 1884 930 1952 dialecto
954 1904 994 1952 ex
1016 1883 1125 1950 radice
1146 1905 1228 1968 ycvo

100 1985 240 2069 (Etym.⁴
262 2003 293 2066 p.
312 1987 383 2061 176)
404 1983 639 2050 substantivum
655 1983 824 2049 formatum
841 1982 939 2050 luisse
954 1979 1119 2067 *ysicus
1143 1979 1228 2065 quod

100 2083 197 2165 vulgo
220 2086 328 2166 γεῦμα
349 2081 469 2147 factum
491 2087 540 2148 est
566 2082 633 2161 (cfr.
658 2078 791 2164 ἱμάτιον
814 2101 871 2165 pro
895 2077 1063 2162 ἱσμάτιον)
1090 2086 1228 2164 atqucc

99 2178 205 2245 vocali
229 2184 306 2246 ante
327 2179 512 2246 sibilantem
523 2179 557 2245 in
573 2202 595 2243 s
609 2185 731 2244 mutata
746 2197 788 2244 ex
803 2178 905 2244 forma
926 2175 1099 2263 *γεω-μα
1120 2176 1229 2263 γε’σμα

100 2277 277 2361 prodiisse:
316 2277 488 2361 intelleges
519 2277 609 2343 illam
641 2275 783 2360 glossam
817 2275 915 2344 etiam
948 2278 1019 2344 sine
1051 2281 1230 2344 correctura

100 2373 197 2460 posse
219 2374 384 2459 explicari.
428 2376 473 2442 Ut
494 2382 601 2442 autem
627 2375 777 2458 exempla
805 2374 954 2458 afferam,
985 2378 1018 2443 in
1047 2375 1162 2459 quibus
1185 2374 1231 2440 di·

100 2492 232 2558 gamma
254 2491 295 2539 ex
316 2497 335 2536 c
358 2471 476 2540 factum
499 2479 576 2539 ante
597 2492 771 2538 consonam
799 2473 938 2538 litteram
965 2471 1098 2555 eiicitur,
1128 2473 1229 2543 habos

102 2561 291 2654 airao'g'pro
309 2565 482 2653 *dra-ade
502 2569 603 2649 (duo.
622 2571 746 2655 Etym.⁴
761 2591 793 2654 p.
811 2572 895 2652 391),
919 2566 1002 2651 ἄλοξ
1022 2591 1079 2656 pro
1100 2566 1231 2651 *ἅπλοξ

101 2669 192 2748 (ibid.
216 2689 249 2753 p.
268 2671 351 2747 136).
395 2669 572 2734 Memorato
596 2667 742 2751 digniora
763 2674 932 2752 praeterea
954 2673 1029 2735 suot
1049 2670 1144 2734 haec:
1174 2666 1230 2734 ἔα·
1317 2659 1324 2668 ’
1439 2725 1450 2750 ‚

101 2772 162 2845 τᾶς
191 2768 301 2847 (inser.
323 2765 431 2834 arcad.
454 2785 506 2850 ap.
530 2766 626 2832 Fouc.
650 2768 712 2830 352
734 2787 757 2830 n
779 2785 826 2835 vs.
851 2768 902 2842 13)
931 2787 989 2850 pro
1011 2764 1148 2845 ἑαυτοῖς,
1177 2785 1229 2849 ap.

102 2863 318 2950 Hesychium:
351 2857 513 2950 Ἐφάμιος
535 2861 623 2941 Ζεύς
654 2862 721 2942 (cfr.
745 2858 924 2949 Εὐφάμιος
953 2857 971 2928 ὃ
994 2859 1082 2941 Ζεύς
1111 2870 1144 2930 ct
1164 2859 1231 2930 Et-

104 2987 220 3058 φημος
237 2958 255 3027 ὅ
271 2959 359 3038 Ζεὺς
382 2959 417 3027 ἐν
434 2958 578 3047 Λέσβῳ)
601 2966 634 3027 cl
656 2958 798 3049 ἒφήμως
822 2957 983 3050 εὐφήμως
1006 2965 1039 3042 (a
1053 2960 1229 3028 Schmidtio

103 3083 169 3128 non
183 3067 272 3128 recle
287 3058 526 3142 addubitatum
542 3059 597 3125 cfr.
609 3054 771 3145 εὐφήμως
785 3055 915 3144 ἡδέως),
932 3060 1118 3143 quibuscum
1135 3060 1231 3126 etiam

100 3153 275 3245 Ἔαλκίόης
299 3157 404 3236 (inscr.
426 3157 490 3224 ion.
514 3156 604 3224 stud.
627 3156 665 3239 V,
689 3159 762 3239 257,
787 3159 840 3235 37)
866 3179 925 3242 pro
947 3150 1137 3244 Εὐαλκίόης
1159 3177 1233 3224 con·

102 3257 272 3325 ferendum
294 3262 353 3322 est.

191 3356 263 3421 Iam
285 3358 320 3418 ut
340 3352 384 3419 ad
398 3349 571 3435 *sdoaac-
585 3351 720 3418 formam
736 3351 914 3436 redeamus,
939 3352 999 3420 etsi
1021 3352 1140 3435 tradita
1161 3371 1232 3419 esse
1284 3376 1286 3380 ·

106 3474 171 3520 non
192 3450 336 3534 videtur,
365 3457 475 3517 tamcur
497 3455 583 3516 certe
607 3449 667 3516 luit
689 3449 850 3534 quoddam
872 3458 974 3542 alque,
990 3450 1024 3517 in
1046 3449 1143 3516 variis
1165 3449 1232 3518 dia·
1333 3523 1335 3528 ,

105 3553 262 3620 lectorum
284 3548 457 3632 generibus
479 3545 615 3616 diversis
636 3548 741 3614 modis
763 3555 811 3614 est
833 3554 970 3614 mutata:
1270 3640 1272 3646 Α

192 3652 225 3820 3
255 3661 383 3827 {w
401 3643 589 3728 ἱμάτιον,
608 3665 660 3730 ap.
676 3645 856 3732 Hesych.³t,
872 3645 975 3711 forma
987 3650 1099 3727 aperte
1114 3643 1232 3712 dorica.

109 4045 135 4116 gl
177 3967 198 4032 8)
228 3962 334 4020 Eodem
364 3961 476 4020 auctore
505 3967 620 4020 utuntur
651 3977 744 4020 ornnes
775 3975 843 4034 quas
868 3960 940 4018 infra
966 3959 1233 4018 commemorabimus

134 4061 220 4104 ossae
