2916 4872
489 416 611 472 Sohedae
629 417 829 487 grammaticae.
1163 407 1224 472 107

95 591 218 675 persica
235 591 341 674 potip,
365 589 500 656 zendioa
519 592 603 676 poili
617 589 851 674 comparandas
873 605 945 654 esse
967 604 1072 670 neque
1094 587 1135 651 ab
1160 606 1224 652 uno

93 695 191 771 atque
223 687 340 754 eodem
372 688 529 754 vocabulo
559 689 714 772 originem
743 687 941 754 traxissent
972 703 1139 766 censeam,
1174 684 1225 750 his

94 787 296 871 potissimum
319 787 424 852 causis
446 786 603 852 adducor:
637 787 749 868 altera,
773 803 856 867 quae
878 784 942 849 iam
965 782 1070 848 Pottio
1083 782 1224 847 maximi

94 905 167 952 esso
184 886 340 950 momenti
355 884 534 966 videbatur,
546 885 638 950 xhaee
653 891 711 964 est,
734 883 819 966 quod
837 881 934 948 ctiam
956 881 1087 962 linguae
1109 899 1225 962 cogna-

94 990 158 1065 tae,
181 982 354 1064 inquibus
377 982 529 1048 damnum
552 983 658 1065 sonip
681 983 799 1046 tactum
822 999 893 1046 esse
915 980 1009 1044 certis
1032 978 1225 1066 quibusdam

95 1081 255 1164 exemplis
277 1079 460 1146 confirmari
481 1102 546 1147 non
568 1085 683 1165 potest,
707 1078 953 1145 evremotissima
967 1084 1075 1143 aetate
1090 1076 1224 1142 lormam

89 1180 164 1264 poti
185 1177 330 1244 eundem·
347 1178 381 1243 in
403 1178 532 1244 moduni
555 1185 653 1261 atque
672 1179 764 1262 proti
776 1185 973 1244 asservatam
996 1195 1068 1242 csse
1090 1194 1148 1240 nos
1171 1174 1226 1240 do·

4 1309 10 1315 ⁷
95 1284 203 1342 ceant.
234 1275 329 1342 Certe
343 1276 385 1341 ab
401 1277 463 1342 hac
479 1276 582 1343 lorma
604 1277 776 1360 principali
792 1276 866 1360 pati
887 1274 1041 1357 originem
1065 1272 1226 1338 duxerunt

89 1376 184 1459 potip
208 1376 243 1438 in
258 1375 427 1440 Persarum
449 1374 710 1458 inscriptionibus
733 1375 886 1454 annectis,
906 1375 978 1456 pnt⁰
1000 1367 1151 1454 vcl'pnd⁰
1172 1371 1226 1436 vel

15 1499 17 1506 v
91 1475 173 1556 poa⁰
190 1470 282 1550 (πός)
299 1473 351 1538 vel
372 1493 415 1557 po
429 1470 500 1550 (πό)
522 1472 555 1536 in
579 1492 686 1538 eornm
704 1472 851 1538 dialectis
873 1470 1112 1548 recentioribus,
1134 1469 1224 1553 padi,

97 1569 234 1635 mendica
248 1569 359 1653 forma,
378 1569 452 1635 dein
469 1570 661 1651 amoniaca,
679 1590 773 1652 quam
782 1569 904 1635 Pettius
918 1571 969 1634 nt.
981 1568 1111 1633 Forsob.
1123 1566 1148 1646 I,
1162 1569 1224 1630 273

94 1668 204 1747 affert,
235 1668 363 1751 syllaba
384 1669 488 1751 prima
509 1667 678 1733 verborum
702 1668 813 1732 horum
836 1667 1024 1732 latinorum:
1061 1665 1224 1749 pol-linpa

90 1765 230 1850 pol-loo,
250 1755 410 1848 por-ripa
429 1765 604 1850 pcc-sidae,
625 1786 710 1850 pono
725 1785 783 1848 pro
798 1761 943 1847 *pacina
959 1764 1094 1830 aliorum
1108 1783 1227 1848 pauco·

94 1884 165 1928 rum
189 1864 284 1940 (Pott.
307 1863 449 1940 ibidem).
491 1865 530 1929 In
553 1864 665 1946 lingna
686 1861 820 1928 zendica
842 1881 860 1926 e
882 1869 969 1926 certa
991 1860 1130 1942 quadam
1153 1863 1227 1944 lege

95 1981 116 2028 e
130 1963 227 2045 prati
247 1960 357 2044 *frati
369 1968 466 2044 atque
482 1982 500 2028 e
517 1963 617 2045 parti,
641 1959 725 2044 quod
744 1960 878 2026 formam
902 1959 1112 2043 principalem
1127 1958 1226 2026 fuisse

94 2059 214 2142 aliquis
237 2058 395 2140 coniiciat,
418 2058 535 2143 *posit
554 2059 622 2125 fieri
634 2057 763 2124 debuit.
793 2057 875 2120 Pati
893 2057 989 2140 igitur
1010 2056 1113 2122 lorma
1134 2056 1225 2124 iudo·

93 2147 283 2240 germanica
305 2154 381 2238 luit,
405 2177 501 2239 quam
523 2156 700 2222 nonnullae
722 2156 853 2238 linguae
875 2155 1095 2222 asservabant.

182 2252 307 2332 Quibus
323 2255 498 2337 perspectis
514 2254 612 2319 curid
625 2255 700 2338 poti
712 2260 744 2318 et
757 2271 907 2335 graecum
923 2259 1015 2331 nont,
1028 2273 1111 2336 quae
1126 2255 1225 2337 plane

93 2352 179 2417 inter
202 2370 275 2416 sese
297 2352 496 2434 conspirant,
527 2352 671 2418 conferre
696 2370 761 2416 uon
784 2351 895 2433 liceat,
924 2371 989 2416 non
1017 2352 1226 2435 intellegitur.

182 2448 268 2514 Dein
297 2454 333 2512 ut
362 2455 394 2514 et
426 2450 515 2534 proti
541 2457 573 2516 et
600 2452 674 2533 poti
700 2468 741 2514 cx
768 2455 875 2515 aetate
903 2447 1166 2531 indogermanioa
1191 2451 1227 2514 in

94 2548 242 2630 linguam
264 2565 413 2627 graecam
433 2555 635 2630 transgressa
648 2553 745 2630 atque
761 2547 945 2612 discrimine
959 2546 1225 2629 significationum

95 2645 225 2712 sublato
248 2643 367 2710 sensim
391 2645 571 2726 promiscue
593 2651 747 2729 usurpata
770 2664 841 2710 esse
871 2644 937 2720 (eir.
960 2640 1046 2725 μετά
1069 2650 1101 2709 et
1122 2642 1226 2723 πεδὰ)

95 2749 265 2826 putemus,
295 2742 398 2808 altera
420 2763 584 2809 movemur
607 2762 714 2809 eausa.
759 2742 812 2807 Fit
839 2760 934 2821 sane,
964 2748 1000 2806 ut
1022 2767 1041 2825 ρ
1064 2741 1225 2809 interdum

97 2841 254 2922 eiciatur,
288 2841 428 2906 maxime
461 2847 568 2906 tamen
601 2849 677 2907 ante
711 2860 880 2906 consonas.
925 2840 1038 2923 ltaque
1067 2860 1108 2906 ex
1135 2843 1229 2924 proti

97 2939 236 3022 primum
260 2939 409 3003 creticum
431 2937 514 3002 illud
536 2944 640 3022 nopai
663 2947 694 3004 et
716 2938 793 3003 inde
815 2941 896 3002 nori
918 2936 1036 3002 lactum
1059 2957 1131 3004 esse
1153 2959 1227 3004 oon·

97 3036 251 3102 tenditur.
288 3034 358 3114 Quo
375 3055 524 3102 concesso
544 3045 682 3119 quantae
706 3034 909 3100 difficultates
931 3035 1065 3101 formam
1088 3043 1151 3104 ποί
1173 3057 1227 3104 ex·

98 3133 233 3218 plicauti
251 3133 387 3214 obstent,
403 3133 487 3199 inira
497 3133 688 3215 videbimus,
705 3134 732 3200 si
743 3132 901 3217 quomodo
917 3132 1035 3200 formas
1051 3143 1227 3217 ocarentes

98 3231 183 3296 inter
206 3249 242 3296 sc
264 3238 429 3296 conectam
453 3239 484 3297 et
499 3231 665 3316 explicem,
690 3231 962 3297 demonstravero.
991 3233 1070 3297 Mihi
1090 3233 1228 3299 alorma

74 3317 169 3411 'poti
194 3326 407 3411 proficiscenti
436 3329 637 3413 aptissimum
665 3329 791 3396 videtur
818 3350 885 3396 rem
914 3331 960 3395 ita
980 3330 1162 3408 instituere,
1193 3338 1228 3396 ut

99 3425 295 3508 multiplices
317 3427 435 3491 formas
458 3426 666 3511 disponamus
689 3427 773 3492 hunc
794 3427 861 3494 iere
882 3427 917 3492 in
939 3427 1068 3493 modum
1182 3428 1184 3431 ’

185 3527 217 3600 a)
255 3523 707 3607 Doriensiumlormas,
737 3544 819 3607 quae
842 3530 943 3590 ποτί
964 3523 1046 3590 πὸτ
1068 3523 1120 3590 πό
1143 3534 1226 3608 suut,

186 3621 220 3697 b)
257 3620 456 3686 Arcadum
488 3628 524 3686 et
553 3620 813 3705 Cypriorum,
847 3643 868 3687 a
897 3623 1158 3708 quibus-nott,
1193 3632 1229 3689 ut

102 3715 293 3803 optandum
318 3719 351 3784 in
381 3716 590 3803 τριακάσιοι,
625 3721 728 3805 primo
755 3721 789 3786 in
818 3726 963 3800 *noca
993 3727 1060 3785 tum
1085 3723 1119 3787 in
1148 3721 1228 3799 πός

104 3822 136 3880 et
157 3812 211 3879 πό
234 3821 284 3882 est
305 3823 540 3882 commutatum.
873 3887 875 3889 ,

188 3917 216 3990 c)
253 3915 495 3996 Argivorum
523 3915 691 3981 formam
720 3919 811 3992 nol,
847 3937 941 3999 quam
971 3918 1074 4000 ipsam
1102 3938 1228 4001 quoque

104 4028 145 4074 en
165 4017 275 4076 *ποσι
297 4032 355 4096 pro
378 4017 459 4077 nori
482 4033 552 4079 esse
574 4020 683 4078 natam
705 4013 822 4095 aliquis
845 4015 1008 4098 coniiciat,
1039 4019 1227 4100 praesertim
