2916 4872
224 308 285 370 104
717 307 851 364 Baunack

193 579 196 582 Ι
308 478 505 559 καθιστάτω
543 481 581 547 τὸ
612 479 855 566 acceptantes
887 491 959 558 τοῖς
992 477 1095 557 ἰδίοις
1133 472 1334 562 ἀναλώμασιν

223 697 270 746 vs.
294 605 344 742 si.
361 579 469 742 τιὅλοι
499 672 533 740 δ’
564 671 604 742 ἂν
634 674 768 760 ἒσδοθῆ
798 673 896 760 ἔργον
925 672 992 741 εἴτε
1024 673 1117 759 ἱερὸν
1147 666 1215 743 ε’ίτε
1245 674 1338 758 δαμό-

309 777 405 854 οι[ον]
428 770 576 858 ὑπάρχει
592 772 655 859 τὰ)
671 772 786 839 κοινὰν
803 770 998 860 σύγγραφον
1013 773 1129 852 rerich
1151 779 1267 860 κυρίαν
1281 773 1339 852 νεὸς

309 879 366 938 τᾶι
387 871 471 950 ἐπες
492 881 546 938 cot
569 869 662 958 ἕργοι
683 873 923 956 γενροιμμέν[αι
946 868 1181 957 ον]γγράφ[οι].

226 994 308 1058 Dein
330 992 447 1074 legitur
468 989 503 1056 in
524 990 618 1057 idalii
640 989 856 1072 inscriptionis
879 988 983 1066 (stud.
1007 989 1068 1055 VH
1090 1011 1121 1072 p.
1145 993 1220 1067 254)

223 1131 271 1177 vs.
299 1115 347 1176 19.
390 1107 449 1176 τὸν
472 1107 681 1190 ποεχόμενον
703 1106 770 1184 πὸς
792 1105 839 1172 cci
863 1106 952 1194 porc)
974 1115 1041 1173 τῶν
1062 1113 1222 1193 Δρομίων

224 1229 273 1275 vs.
297 1212 348 1274 20.
393 1207 460 1285 νεὸς
482 1207 544 1273 τὰν
568 1203 726 1290 ieptjtjcr
749 1242 789 1253 -
811 1203 870 1271 τὸν
892 1204 1113 1288 πιαινόμενον·

224 1326 273 1372 vs.
296 1309 348 1369 21.
392 1303 459 1382 πὸς
482 1300 702 1389 Παοαγόραν.
724 1338 766 1348 -
789 1302 871 1369 inde
892 1304 1028 1370 aiterum

243 1427 274 1460 Ψ
312 1427 344 1500 9)
375 1420 427 1488 ιιό
451 1423 587 1506 sigmate
610 1428 747 1488 exeunte
761 1427 838 1488 ante
853 1425 982 1490 vocales
1005 1423 1131 1490 abiecto
1154 1424 1270 1490 iactum
1292 1429 1345 1488 cst.

226 1521 298 1602 Qua
320 1521 422 1587 forma
444 1518 555 1603 prrii
577 1518 757 1601 utebantur,
784 1520 838 1602 qui
860 1521 958 1586 etiam
981 1519 1072 1599 κάςθ)
1093 1525 1164 1605 (pro
1187 1525 1255 1594 καί)
1276 1528 1345 1587 ante

226 1620 357 1685 vocales
379 1619 516 1702 sigmate
537 1617 715 1701 privavere.
757 1617 826 1682 Hoc
848 1619 984 1696 alterum
1007 1616 1055 1684 ιιό
1076 1619 1194 1703 legitur
1216 1619 1248 1685 in
1268 1617 1346 1682 Idal.

225 1718 367 1801 inscript.
391 1736 438 1782 vs.
464 1718 502 1779 19
526 1721 557 1781 et
579 1718 636 1779 21:
670 1712 878 1796 ποεχόμενον
901 1737 959 1800 pro
981 1715 1261 1801 προο-εχόμενον,
1282 1713 1346 1780 fini-

225 1816 346 1882 timum.
391 1811 597 1897 Siegismund
618 1816 651 1876 ct
674 1812 822 1894 Decckc‚
845 1812 936 1879 stud.
958 1815 1020 1880 Vll
1041 1837 1073 1900 p.
1096 1819 1170 1882 236.

314 1915 365 1988 10)
402 1914 478 1976 ποί
500 1909 635 1975 formam
658 1915 833 1976 extremam
857 1910 939 1993 dico,
966 1932 1048 1994 quae
1070 1934 1091 1978 a
1112 1913 1227 1979 ceteris
1246 1912 1347 1976 formis

226 2029 332 2095 paene
354 2009 463 2075 aliena
485 2027 556 2074 esse
571 2005 707 2072 videtur.
736 2007 804 2072 Iam
821 2007 946 2091 pridem
963 2010 1004 2076 de
1019 2029 1059 2076 ea
1080 2012 1183 2076 forma
1205 2010 1347 2076 certiores

227 2107 302 2174 iacti
325 2126 451 2174 eramus
474 2104 593 2171 diserto
608 2104 823 2189 Etymoiogici
838 2107 946 2190 Magni
962 2111 1012 2192 67,
1038 2111 1067 2189 8,
1091 2113 1133 2173 44
1155 2109 1346 2174 testimonio:

228 2210 291 2270 rrot
305 2202 388 2282 (cod.
400 2205 475 2281 ποῖ)
491 2202 585 2285 παρὰ
598 2199 766 2286 Ἀργείοις
782 2199 856 2268 ἄντί
870 2205 929 2270 τοῦ
944 2205 1036 2283 ποτὶ,
1053 2200 1238 2290 ἀφαιρέσει
1252 2211 1308 2268 τοῦ
1322 2226 1346 2280 τ,

229 2296 302 2368 εἶτα
319 2297 461 2384 συνόδῳ,
473 2303 523 2365 cui
539 2300 660 2365 nullam
675 2298 774 2365 fidem
787 2300 970 2368 habendam
985 2321 1057 2369 esse
1071 2307 1193 2370 temere
1209 2301 1347 2368 arbitrati

228 2407 312 2467 sunt.
349 2400 399 2464 Ita
413 2397 604 2482 Sylburgius
626 2394 718 2462 πόθι
740 2407 931 2465 correxerat.
964 2401 1007 2464 At
1028 2399 1253 2484 inscriptiones
1274 2397 1346 2481 argi·

228 2516 299 2579 vae,
323 2515 406 2580 quae
427 2496 632 2561 aFoucartio
653 2496 688 2560 in
710 2496 767 2561 illo
789 2496 882 2580 libro,
906 2497 959 2580 qui
981 2497 1138 2582 „Voyage
1160 2497 1346 2578 aroheologi·

122 2635 128 2651 ·
191 2601 198 2608 “
229 2614 290 2679 que
314 2615 353 2660 en
377 2593 480 2660 Grece
505 2601 537 2660 et
564 2612 606 2660 en
628 2593 706 2659 Asia
728 2593 882 2662 Minenre.
926 2595 1132 2679 Explication
1161 2594 1220 2662 dos
1247 2594 1348 2660 inseri·

228 2694 335 2779 ptions
357 2709 511 2776 greoques
534 2695 566 2768 et
592 2690 740 2758 latinos.“
782 2693 974 2770 (Deuxieme
996 2693 1109 2776 partie.
1154 2693 1283 2758 Section
1303 2691 1347 2756 ΙΙΙ

230 2813 261 2876 p.
286 2793 423 2868 44-77)
452 2788 646 2868 inscribitur,
680 2789 739 2855 sub
768 2794 990 2856 no.157aet
1018 2791 1106 2854 rosh
1135 2797 1211 2856 sunt
1240 2791 1346 2869 editae,

215 2889 400 2972 quinquies
433 2905 504 2951 eam
539 2887 674 2952 formam
706 2892 874 2952 testantur.
913 2887 951 2952 In
982 2889 1052 2954 istis
1083 2887 1345 2972 inscriptionibus,

231 3005 314 3070 quae
342 2991 464 3050 tantum
493 3005 557 3049 non
587 3003 698 3050 omnes
726 2987 935 3056 recentiorum
959 2992 1033 3051 sunt
1053 2991 1250 3069 temporum,
1277 3005 1346 3051 non·

299 3189 321 3248 8)
347 3186 391 3240 Ab
409 3185 447 3240 eis
474 3184 536 3239 viris
563 3184 665 3251 doctis,
690 3185 737 3254 qui
760 3185 788 3238 in
806 3185 884 3240 Stud.
907 3187 959 3241 vol.
978 3187 1030 3242 VlI
1053 3186 1199 3241 dialectum
1222 3185 1346 3257 cypricum

231 3273 430 3332 tractaverunt,
455 3267 488 3322 de
510 3266 592 3322 huius
615 3266 719 3322 formae
741 3265 790 3323 κάς
810 3281 861 3335 pro
884 3267 930 3318 καί
951 3267 1054 3336 origine
1077 3268 1213 3322 sententia
1235 3267 1346 3328 affertur,

231 3363 301 3419 quae
319 3363 374 3403 non
391 3347 503 3417 probari
519 3351 618 3417 potest.
655 3347 684 3402 Si
707 3348 778 3402 enim
801 3347 847 3398 καί
870 3351 897 3402 et
920 3348 969 3404 κάς
992 3362 1025 3402 ex
1049 3351 1135 3399 *καιι
1158 3354 1224 3403 nata
1241 3363 1298 3402 esse
1314 3345 1346 3400 di-

233 3435 339 3496 cuntur,
358 3428 488 3498 explicari
502 3443 556 3482 non
574 3432 672 3498 potest,
693 3443 741 3482 cur
752 3427 834 3482 etiam
847 3427 994 3483 Dorienses
1006 3429 1052 3480 καί
1064 3430 1254 3498 usurpaverint
1269 3439 1346 3495 neque

231 3512 314 3561 *κατι
336 3508 548 3576 associaverint,
576 3508 701 3578 quoniam
723 3507 804 3562 iidem
828 3524 929 3563 morem
949 3528 961 3560 ι
979 3510 1008 3562 in
1032 3525 1049 3560 ο
1066 3509 1190 3564 mutandi
1212 3511 1289 3578 plane
1305 3521 1345 3560 ne·

230 3591 348 3660 glegunt.
376 3589 465 3657 Quare
478 3588 525 3640 καί
538 3605 571 3644 ex
584 3605 664 3644 κει-ιιι
678 3589 794 3645 locativo
810 3589 871 3654 (cfr.
882 3605 933 3644 scr.
943 3589 1069 3644 νοοίι-ιίιιι
1082 3589 1123 3643 zd.
1132 3588 1227 3644 mosia
1240 3590 1257 3643 l.
1271 3590 1345 3652 νιοιι),

80 3675 91 3681 “
162 3718 164 3722 .
231 3671 304 3726 unde
321 3675 416 3740 postea
434 3668 520 3734 καίο)ι’
536 3673 564 3724 et
581 3668 629 3727 κάς
646 3669 706 3734 (cfr.
723 3673 820 3736 τιῑιίι),
839 3675 915 3738 moa)
933 3677 961 3725 et
977 3667 1010 3722 κά
1030 3676 1117 3725 ortum
1136 3685 1196 3726 esse
1213 3670 1278 3723 mihi
1293 3681 1345 3724 cum

231 3750 402 3818 Legcrlotzio
421 3749 537 3817 (Kuhn's
554 3749 686 3806 Zeitsohr.
705 3751 769 3818 vil,
789 3754 848 3814 237)
867 3752 999 3806 convenit.
1034 3746 1092 3808 Κίις
1109 3749 1181 3820 apud
1192 3749 1345 3820 Hesychinm

176 3903 179 3908 Ι
233 3845 339 3900 quoque
355 3830 484 3886 traditum
502 3837 551 3886 est.
585 3831 730 3886 Praeterea
748 3831 829 3886 etiam
846 3848 895 3900 pro
913 3832 1003 3900 glossa
1018 3830 1098 3885 κᾶστι
1113 3831 1142 3885 vta
1159 3833 1203 3884 καὶ
1222 3829 1344 3902 τόιίιίοι·

232 3916 307 3966 tasse
316 3908 364 3966 κάς
373 3907 505 3963 πόδεια)
515 3910 578 3965 τάδε
588 3911 639 3967 crit
648 3911 852 3967 restituendum.
872 3913 969 3975 (Aliter
978 3913 1228 3970 Schmidtiusiued.
1236 3912 1343 3972 maiore.)
