2968 4866
397 438 575 504 Quaestiones
594 436 812 504 dialectologieae
830 452 951 506 graecae.
1177 438 1239 499 299

118 617 215 693 ware,
249 609 370 694 sprioht
402 611 485 676 naoh
515 610 637 677 meiner
664 608 817 693 Meinung
851 609 907 678 der
937 613 1161 680 Thatbestand
1195 616 1238 680 im

118 709 309 774 Dentsoben.
348 709 442 774 Deun
465 704 539 774 abd.
565 718 658 781 tuom,
682 729 728 774 as.
748 708 819 771 dom
841 710 973 776 kinnen
997 710 1079 777 doeh
1102 713 1239 780 schwer-

118 808 177 873 lioh
199 807 256 874 auf
276 808 349 873 eine
371 806 566 872 Grundiorm
589 807 628 870 de
649 807 896 889 zuruokgeiuhrt
918 809 1082 876 werden.“

197 905 291 986 Quod
314 924 385 970 oum
407 903 455 970 ita
476 905 528 986 sit,
550 904 648 971 iaoile
669 903 736 970 lieri
758 905 870 988 potuit,
893 907 982 971 utin
1005 908 1077 973 elea
1100 908 1238 977 dialeeto

117 1005 230 1071 veteris
246 1005 264 1067 ri
281 1003 439 1086 reliquiae
453 1011 666 1069 remanerent.
693 1003 844 1069 Fortasse
854 1002 916 1068 huo
927 1006 1094 1088 ‘pertinent
1107 1005 1177 1072 miri
1189 1008 1239 1073 illi

117 1102 286 1186 olympiaci
308 1101 355 1165 tit.
379 1120 453 1166 nov.
476 1101 669 1168 uoniunetivi
689 1119 757 1166 aor.
792 1098 884 1187 osea
910 1108 942 1168 et
963 1098 1117 1190 oravero
1142 1125 1173 1170 v.
1196 1109 1235 1171 37

117 1205 147 1264 et
168 1203 217 1264 32.
262 1200 425 1266 Aoristum
454 1198 539 1264 enim
567 1199 731 1282 passivum
753 1198 787 1262 in
809 1203 896 1285 -θην
918 1218 990 1265 oum
1014 1197 1100 1280 isos
1129 1203 1239 1270 formis

117 1317 184 1364 esse
209 1298 420 1383 compositum
449 1295 503 1361 vix
531 1297 697 1378 quisquam
726 1296 867 1380 negabit.
912 1296 1112 1382 Quamquam
1136 1299 1177 1367 (le
1199 1321 1239 1368 ea

116 1415 149 1462 re
170 1395 311 1461 dubitari
333 1400 453 1478 potest,
477 1393 669 1459 ooniunotivi
691 1393 740 1458 illi
762 1400 866 1459 utrum
889 1395 1002 1462 eodem
1025 1396 1120 1463 modo
1142 1404 1240 1482 atque

116 1491 259 1574 ἵστᾱται,
289 1490 529 1579 προγράφηντι
551 1500 611 1557 eto.
639 1489 690 1566 (ef.
713 1494 732 1571 ὅ
755 1497 784 1556 5.
815 1496 852 1558 Α.
883 1493 898 1558 Ι
921 1497 953 1569 2)
982 1495 1109 1562 formati
1130 1517 1172 1562 an
1195 1497 1238 1564 ad

117 1589 249 1678 ὃοθέ-ᾁ,
273 1588 398 1676 sset-{s
417 1590 469 1668 (el.
493 1588 701 1676 φαίν-ἇ-ται)
723 1588 898 1656 reducendi
921 1592 995 1657 sint.

195 1691 321 1770 Restat,
345 1696 380 1754 ut
401 1706 575 1780 memorem
597 1688 635 1754 G.
652 1685 794 1752 Curtium
817 1687 917 1762 (verb.
940 1688 973 1752 II
996 1692 1070 1766 348)
1092 1691 1237 1758 Sohereri

116 1789 296 1873 exemplum
318 1793 461 1853 seoutum
483 1786 588 1852 oleam
617 1782 668 1849 his
689 1785 723 1848 in
744 1783 854 1850 formis
876 1786 1022 1853 vooalem
1046 1787 1067 1850 ἆ
1087 1809 1159 1854 oum
1180 1790 1236 1855 lat.

116 1887 187 1951 oin
210 1885 366 1950 omo-bom
390 1891 448 1951 ete.
477 1882 655 1967 eomparari
683 1901 779 1965 posse
800 1882 880 1947 satis
902 1882 1030 1964 quidem
1055 1884 1239 1954 dubitanter

115 1985 299 2067 eonieoisse3
324 1981 409 2065 quod
432 1989 540 2047 tamen
562 1980 614 2046 hio
636 1980 671 2044 in
693 1978 799 2044 medio
822 1980 1040 2063 relinquimus.

196 2282 268 2348 Hoo
295 2280 393 2364 igitur
420 2278 460 2345 de
491 2279 650 2363 origine
683 2278 854 2343 formarum
884 2297 905 2342 a
933 2281 1039 2346 verbis
1067 2285 1238 2350 eontraotis

116 2379 330 2445 derivatarum
353 2378 566 2466 exposuimus.
598 2374 692 2442 Certe
715 2374 830 2440 Graeoi
851 2376 913 2459 ipsi
935 2378 968 2442 in
991 2379 1103 2445 talium
1127 2383 1238 2448 verbo·

116 2498 180 2542 rum
201 2477 395 2543 formatione
416 2477 450 2540 in
472 2474 655 2540 universum
677 2474 761 2538 hane
783 2473 888 2556 legem
904 2476 1003 2540 seeuti
1023 2484 1105 2560 sunt,
1129 2485 1164 2544 ut
1187 2500 1239 2546 ea·
1323 2533 1325 2538 .

116 2573 185 2640 dem
207 2575 403 2656 reliquorum
426 2581 604 2657 temporum
626 2571 747 2636 vooalis
765 2571 902 2652 qualitas
925 2579 1019 2655 esset,
1043 2591 1125 2656 quae
1147 2597 1239 2658 prae·

115 2671 211 2739 sentis
230 2672 397 2756 temporis.

196 2770 401 2852 Quamquam
422 2768 516 2834 huius
538 2786 663 2851 quoque
685 2766 731 2832 rei
757 2766 877 2832 multae
906 2772 938 2831 et
958 2767 1102 2850 insignes
1125 2789 1239 2856 exeep-

115 2868 215 2934 tiones
244 2866 467 2950 respioiendae
494 2873 586 2949 sunt3
619 2883 724 2947 neque
754 2864 838 2930 enim
867 2884 895 2930 e.
916 2884 948 2947 g.
976 2862 1114 2952 φώνασὲ
1144 2869 1237 2936 Pind.

116 2965 155 3031 ad
184 2962 326 3052 φωνέω,
356 2959 463 3050 ὁρέων
489 2963 591 3029 Alam.
614 2966 655 3028 68
684 2961 727 3028 ad
756 2958 849 3048 ὁρόω
876 2963 1031 3048 quadrat,
1060 2985 1180 3050 neque,
1211 2969 1239 3034 si

21 3143 23 3148 Ι
116 3063 241 3146 quidem
265 3063 378 3128 solitas
406 3080 542 3144 graecae
564 3060 774 3126 derivationis
796 3080 925 3127 normas
954 3069 1095 3146 spectas,
1126 3061 1240 3130 κοινά-

117 3184 234 3239 σαντες
264 3159 358 3226 Pind.
388 3159 431 3225 ad
466 3156 581 3237 κοινός
616 3156 754 3237 κοινόω,
792 3153 927 3239 ἆξιάσει
955 3160 1037 3227 aeol.
1068 3161 1111 3226 ad
1144 3159 1239 3252 ἄξᾳος

116 3254 218 3340 ἀξιόω
241 3258 399 3342 applioari
421 3264 564 3342 possunt.
593 3258 698 3340 Atque
719 3256 772 3322 hie
785 3257 859 3321 'iam
873 3256 1049 3325 Abrensius
1063 3259 1240 3326 reotisslme

116 3357 264 3440 cognovit
289 3357 323 3422 lI
348 3359 422 3420 147:
457 3356 505 3432 „ai
528 3375 592 3439 qua
613 3355 713 3421 verba
734 3355 768 3420 in
790 3353 853 3420 -ἑω
877 3357 1029 3421 exeuntia
1052 3356 1193 3422 dorioum
1217 3361 1238 3420 ᾶ

116 3475 171 3538 pro
187 3480 206 3542 q
223 3456 258 3519 in
279 3453 360 3537 ipsis
373 3452 557 3521 melioribus
575 3455 716 3520 fontibus
730 3458 906 3534 assumunt,
930 3453 1117 3537 plerumque
1139 3455 1240 3538 suspi-

117 3554 181 3618 oari
207 3553 285 3617 lieet
308 3549 461 3618 Doridem
483 3552 613 3639 omnino
637 3572 675 3618 ea
703 3570 761 3634 per
782 3548 849 3614 -άω
872 3569 937 3614 non
960 3549 1024 3615 -s'u
1053 3549 1239 3618 formasse.“

117 3649 154 3715 oi.
183 3650 225 3717 de
247 3656 314 3714 tota
341 3667 376 3714 re
406 3649 444 3714 G.
469 3647 595 3716 Curtius
620 3649 721 3728 „tiber
743 3647 806 3715 den
829 3646 979 3713 Weohsel
1009 3647 1075 3713 und
1104 3648 1157 3714 die
1180 3649 1240 3716 Be-

117 3747 259 3830 deutung
282 3745 340 3812 der
364 3746 471 3813 Verba
492 3747 548 3812 aui
569 3771 629 3826 αω,
653 3770 708 3826 εω,
733 3749 802 3811 ou¹⁴
824 3745 912 3810 verb.
936 3748 951 3810 l
974 3751 1045 3812 318.

201 3843 331 3910 Seilioet
358 3845 428 3928 ipse
455 3845 533 3910 satis
558 3864 710 3928 magnam
732 3844 825 3909 huius
847 3844 974 3926 generis
996 3843 1167 3922 formarum
1189 3864 1240 3910 oo-

118 3942 204 4025 piam
226 3941 461 4026 hyperdorismi
482 3950 626 4026 aoeusat3
657 3942 762 4026 pergit
784 3941 870 4008 enim
892 3961 924 4022 p.
950 3944 1026 4007 148:
1060 3942 1149 4019 „alia
1171 3943 1240 4010 eius

117 4041 244 4120 generis
266 4059 286 4106 a
307 4039 446 4106 librariis
468 4047 616 4124 corrupta
631 4039 812 4105 videntur.“
842 4040 966 4104 Tamen
981 4039 1031 4104 vir
1045 4041 1240 4108 ularissimus
