2986 4864
465 401 507 458 De
525 403 662 458 Alcmanls
679 407 778 472 poetae
795 402 920 460 ensem
1191 399 1252 462 363

127 583 260 646 θένων
284 576 323 644 fr.
336 580 374 643 37
400 577 521 659 (Bergk
536 577 671 644 tortasse
686 579 885 662 nepotatur).
919 581 1137 660 παρσένσς
1159 580 1254 646 Blass

126 678 205 760 legit
227 695 301 759 pap.
320 681 350 740 3.
369 678 404 738 17
424 676 562 752 (Alurens
576 698 647 760 παρ
665 724 672 741 .
689 682 786 752 υνυς).
802 707 844 720 -
860 675 1031 741 Praeterea
1045 677 1073 738 θ
1087 676 1253 760 reperitur,

128 773 214 857 quod
236 793 311 839 exc
330 791 401 838 eum
424 773 537 856 spiritu
559 791 673 857 aspero
695 773 858 857 sequentis
881 775 968 840 vocis
990 773 1128 840 conflato
1150 781 1253 841 ortum

128 879 193 940 est:
217 865 325 936 ὥσθ’
350 869 387 936 fr.
411 874 462 950 41,
485 865 528 934 δ’
553 865 640 936 ὅσσα
662 870 700 936 ir.
723 875 774 938 60.
797 873 828 936 3.
914 921 916 928 .

173 1049 176 1055 Ι
215 991 236 1033 σ
258 969 293 1032 in
314 967 379 1034 line
401 967 627 1034 vocabulorum
649 969 684 1032 in
706 992 725 1051 p
748 967 877 1048 mutati,
906 967 993 1050 quod
1015 967 1254 1037 recentissimae

126 1067 292 1132 Laconum
315 1064 445 1132 dialecti
467 1065 629 1149 peculiare
651 1069 709 1146 est,
732 1063 856 1130 nullum
879 1065 1048 1148 vestigium
1071 1067 1159 1151 apud
1182 1068 1254 1134 Alo·

127 1182 256 1230 manem
279 1168 377 1228 extat.

214 1260 418 1328 Geminatum
434 1281 465 1337 σ,
489 1260 575 1344 quod
594 1260 628 1325 in
650 1259 809 1326 communi
830 1258 943 1343 lingua
963 1267 1162 1328 attenuatum
1184 1273 1255 1332 erat

127 1359 161 1424 in
182 1358 322 1440 simplex
345 1378 381 1432 σ,
412 1375 455 1423 ex
475 1357 654 1439 antiquiore
682 1363 826 1439 tempore
847 1358 995 1424 Lacones
1015 1369 1197 1444 servamnt,
1227 1364 1255 1430 si
1341 1430 1344 1438 ,

127 1475 169 1524 cx
192 1454 454 1522 Heracleensium
483 1454 621 1521 dialecto
650 1453 693 1520 de
720 1454 770 1522 luis
799 1455 1014 1539 conjecturam
1042 1458 1148 1526 tacere
1170 1462 1254 1528 licet.

128 1553 224 1638 Apud
248 1554 436 1618 Alcmenam
465 1573 509 1617 σσ
537 1552 696 1636 praebent
725 1552 757 1618 hi
787 1551 887 1618 dativi
917 1555 999 1636 plur.
1025 1561 1096 1621 tert.
1120 1556 1254 1624 dsclin:

129 1647 439 1730 δαιτυμόνεσσι
473 1649 510 1714 fr.
538 1652 595 1733 243
629 1643 889 1716 ἀλκυόνεσσι
916 1651 954 1716 fr.
977 1654 1041 1734 263.
1070 1650 1255 1736 φύκεσσι

127 1749 201 1813 fro
225 1757 327 1814 metro
348 1748 528 1830 postulatur
550 1746 655 1825 (codd.
678 1767 749 1812 -εσι
770 1753 802 1812 et
815 1757 938 1829 -suoo3
962 1744 1137 1814 σάλεσσι
1158 1753 1196 1817 fr.
1215 1757 1253 1819 13

127 1842 352 1926 corrigendum
382 1850 431 1910 est
457 1843 561 1914 (codd.
586 1844 690 1927 Heph.
719 1849 752 1908 et
772 1843 923 1926 Apollon.
954 1867 1026 1910 -εσι
1052 1855 1163 1913 contra
1190 1870 1255 1916 me-

127 1949 234 2016 trum).
284 1946 464 2024 βένθεσι
486 1942 523 2007 fr.
547 1945 598 2006 60.
622 1947 641 2004 5
668 1947 719 2006 est
739 1940 858 2008 corias
879 1940 1052 2025 scriptura,
1078 1962 1120 2010 ex
1142 1954 1254 2028 metro,

127 2037 215 2122 quod
246 2038 352 2122 ipsum
385 2039 541 2105 incertum
576 2044 640 2118 est,
674 2037 754 2102 nihil
787 2037 869 2104 ellici
901 2045 1016 2122 potest.
1048 2077 1090 2088 -
1127 2045 1254 2112 Deinde

128 2134 284 2213 τόσσος
306 2144 426 2202 certum
450 2137 566 2218 legitur
588 2136 623 2201 in
651 2155 775 2220 papyro
798 2139 827 2200 2.
850 2140 901 2217 31,
932 2155 973 2203 cx
995 2157 1057 2220 quo
1080 2142 1255 2208 emendan-

128 2233 205 2300 dum
228 2240 277 2299 est
303 2234 337 2299 in
359 2233 482 2300 scholio
502 2234 545 2300 ad
568 2233 660 2298 Hom.
683 2233 721 2299 Il.
746 2258 761 2299 ε
786 2237 864 2314 266,
895 2232 948 2298 ubi
977 2234 1144 2302 frustulum
1172 2238 1256 2324 trag·

128 2330 230 2397 menti
252 2331 286 2396 in
308 2331 420 2398 charta
435 2332 575 2414 extentis
597 2331 738 2412 affertur,
762 2329 873 2408 τόσος.
905 2326 1013 2397 ὅσσα
1030 2334 1130 2417 exigit
1146 2355 1257 2404 versus

128 2429 211 2496 ratio
233 2429 271 2494 fr.
295 2433 345 2494 60.
369 2433 398 2510 3,
428 2447 498 2496 oum
522 2427 624 2494 codex
647 2423 711 2493 ὅσα
741 2429 870 2495 habeat.
916 2429 982 2497 Sed
1003 2429 1127 2497 τόσαι
1152 2433 1189 2498 fr.
1215 2439 1255 2498 74
1375 2453 1379 2461 ²

128 2527 248 2593 codicis
270 2525 427 2609 scriptura
448 2532 548 2592 metro
579 2526 740 2608 probatur,
770 2546 853 2608 quae
883 2546 947 2592 vox
974 2535 1120 2610 quartum
1149 2531 1255 2596 locum

40 2695 43 2702 ,
96 2621 99 2628 ’
128 2624 307 2690 catalectici
340 2623 474 2690 trimetri
507 2623 648 2705 obtinet;
681 2643 756 2689 nam
788 2623 874 2706 quod
903 2623 1084 2690 Priscianus
1116 2627 1162 2703 (Π
1192 2630 1254 2694 428

128 2721 329 2797 Hertz-Keil)
345 2721 406 2786 ait:
429 2721 588 2798 „Alcman
604 2727 709 2786 autem
733 2720 766 2784 in
789 2720 890 2804 primo
907 2721 1126 2788 catalecticum
1149 2724 1255 2792 trime

129 2824 213 2883 trum
229 2819 304 2884 fecit
326 2818 497 2884 habentem
513 2818 546 2882 in
562 2823 674 2900 quarto
696 2818 767 2882 loco
782 2817 877 2882 morio
893 2818 1033 2884 iambum
1049 2821 1144 2885 modo
1160 2842 1255 2905 spon·

129 2915 258 2996 deum“,
275 2933 317 2980 ox
332 2934 369 2981 eo
386 2917 450 2980 noli
467 2916 629 2997 colligere,
643 2915 830 2979 Alcmanem
846 2935 957 2982 ausum
973 2935 1044 2984 esse
1059 2919 1092 2982 in
1108 2921 1255 2989 omnibus

129 3013 325 3079 catalecticis
346 3007 496 3079 trimetris
518 3013 579 3078 hac
602 3011 732 3077 licentia
747 3011 802 3093 uti,
826 3031 897 3077 oum
919 3014 1025 3096 potius
1043 3015 1255 3099 judicandum

112 3155 116 3162 -
131 3110 183 3192 sit,
206 3129 262 3176 eos
278 3129 397 3191 versus,
420 3131 500 3193 quos
514 3110 696 3176 Priscianus
710 3108 814 3190 affert,
837 3110 938 3176 oculis
953 3117 1075 3177 tantum
1092 3133 1127 3180 se
1142 3115 1256 3182 offerre
1300 3187 1303 3196 Α

129 3207 301 3288 trimetros,
324 3227 395 3272 cum
417 3227 451 3274 re
473 3227 551 3273 vera
565 3227 673 3273 eorum
689 3207 771 3272 ratio
783 3207 826 3272 ab
849 3207 911 3273 hac
925 3208 1033 3274 alisna
1047 3211 1098 3275 sit.
1129 3213 1257 3279 Deinde

132 3301 231 3370 ὅσαι
260 3312 349 3370 extat
370 3305 407 3370 fr.
431 3309 472 3370 66
498 3309 599 3370 metro
621 3312 789 3385 utramque
811 3304 946 3372 lormam
967 3309 1182 3390 permittente.
1213 3344 1256 3356 -
1284 3311 1286 3315 '

128 3394 359 3486 Ὀδυσσῆος
374 3403 410 3466 fr.
428 3407 478 3466 41.
501 3437 544 3449 —
567 3398 779 3467 ἐδάσσατο
796 3399 833 3466 fr.
850 3404 889 3465 69
912 3402 951 3467 cl.
968 3402 1256 3484 κατεδασσάμεθα

131 3499 199 3564 tab.
214 3498 349 3572 ,Heracl
374 3500 530 3575 (Leskicn
552 3497 643 3564 stud.
665 3497 698 3561 Il
722 3499 805 3573 122).

218 3595 291 3675 Ciu
312 3597 404 3662 initio
433 3596 659 3662 vocabulorum
682 3595 827 3660 Lacones
849 3594 881 3659 in
905 3594 935 3674 δ,
964 3596 1048 3664 inter
1071 3599 1200 3666 vocales
1222 3602 1256 3664 in

133 3691 175 3756 δδ
204 3701 345 3760 mutasse
374 3693 561 3773 referuntur,
590 3692 799 3774 alleguntur
828 3692 923 3775 hujus
934 3695 1126 3768 xlraconismi
1156 3697 1257 3762 multa

35 3867 38 3873 ¹
132 3791 284 3881 exempla
305 3791 339 3857 in
360 3791 554 3875 Lysistrata‚
585 3790 618 3854 in
641 3789 742 3856 titulis
763 3790 903 3873 nullum,
934 3791 993 3858 sed
1021 3791 1201 3877 Τροζάνισι
1222 3795 1256 3859 in

131 3887 342 3971 inscriptione
368 3888 553 3954 Plataeensi
586 3895 619 3955 et
652 3884 718 3973 ζώη
752 3887 786 3952 in
818 3887 910 3954 titulo
943 3909 964 3954 a
993 3889 1189 3957 Kirchhoffio
1223 3894 1257 3959 in

132 3984 315 4062 „Monatso
341 3984 371 4051 d.
394 3987 430 4050 B.
452 3984 552 4050 Acad.
578 3989 680 4050 1870“
703 4006 734 4068 p.
751 3991 792 4051 60
814 3985 910 4052 edito.
957 3987 1150 4070 Perantiqua
1172 3983 1258 4058 esset
