2986 4864
243 443 305 505 356
758 445 850 516 Spiess

238 621 384 686 Lacones
406 618 551 684 vocalem
574 615 800 700 corripiebant,
823 614 873 682 eui
895 614 942 681 rei
964 636 1029 681 non
1052 612 1255 694 adversatur,
1286 611 1372 696 quod

239 718 336 784 etiam
359 717 476 799 longae
491 713 613 780 vocalis
628 721 716 780 certa
738 719 813 779 sunt
832 711 965 796 indicia,
987 731 1063 777 nam
1080 710 1115 775 in
1136 709 1270 793 linguis,
1293 729 1372 793 quas

238 813 404 878 literarum
427 832 503 878 usus
525 833 590 877 non
616 805 786 893 stabilivit,
817 811 946 895 saepius
968 807 1186 896 inconstantia
1209 806 1371 890 quaedam

239 911 387 977 cernitur.
433 912 474 976 Et
496 909 632 974 traditur
655 910 705 974 ut.
729 909 771 973 M.
795 910 873 972 327:
911 905 950 972 τὸ
979 904 1042 991 γὰρ
1065 902 1255 970 λακωνικόν
1280 902 1371 971 ἔστιν

239 1004 357 1093 ἅείδην
387 1007 468 1083 (cod.
499 1003 640 1083 ἀείδειν)
675 999 696 1090 ἢ
725 1001 850 1082 ἄείδεν,
886 1003 971 1086 quod
1001 1003 1105 1086 magi‘s
1132 1001 1212 1070 mihi
1242 1001 1372 1084 quidem

239 1104 347 1189 placet
372 1124 468 1187 quam
490 1103 665 1169 Phavorini
692 1107 750 1166 115
781 1101 877 1167 lectio
905 1098 944 1166 οὗ
968 1097 1092 1166 ἀείδεν.
1137 1100 1192 1165 Sic
1220 1101 1373 1183 leguntur

238 1201 326 1285 apud
356 1202 545 1267 Alcmanem
574 1197 721 1264 ἅείδεν
750 1197 787 1262 77.
814 1204 841 1263 7.
865 1204 882 1263 3
913 1197 1023 1274 (Prisc.
1053 1194 1198 1281 αἰειδεν,
1233 1198 1372 1265 Planud.

240 1300 297 1363 καὶ
327 1295 451 1380 ἄειδε);
486 1295 636 1362 ἐσθίεν
664 1295 844 1364 restitutum
874 1303 925 1362 est.
955 1317 1013 1379 pro
1043 1295 1223 1379 depravata
1253 1295 1373 1362 codicis

239 1394 398 1478 scriptura
427 1391 528 1460 ἔσθει
558 1392 595 1460 ἐν
624 1394 661 1458 77.
686 1397 735 1459 76.
781 1392 908 1458 Deinde
936 1392 1105 1458 verborum
1134 1399 1372 1458 contractorum

239 1490 404 1557 infinitivi:
427 1489 601 1557 ἐπαινὲν
617 1493 769 1574 pap.2.9‚
785 1486 959 1556 ὗνεαελὲν
974 1489 1008 1554 in
1024 1489 1205 1572 fragmento
1222 1491 1372 1556 Alcmani

240 1589 282 1656 ab
305 1588 465 1655 Ahrensio
493 1587 656 1654 vindicato
686 1589 798 1672 adesp.
823 1592 863 1653 35
892 1593 925 1652 et
952 1587 1128 1653 infinitivus
1156 1587 1214 1652 fut.
1238 1589 1371 1671 γαμὲν

131 1678 134 1682 ’
239 1691 367 1772 pap..1.
396 1689 432 1749 17
464 1685 638 1751 secundum
667 1686 785 1753 Blassii
814 1685 1027 1751 collationem.
1079 1682 1228 1749 Ceterum
1259 1685 1294 1750 in
1325 1685 1372 1750 his

239 1783 389 1850 omnibus
412 1790 546 1850 metrum
570 1783 665 1848 etiam
692 1785 822 1866 longam
844 1783 989 1848 vocalem
1011 1780 1163 1846 admittit.

326 1880 492 1965 Correptio
518 1881 641 1946 vocalis
670 1881 789 1963 longae
815 1880 851 1945 in
881 1879 990 1945 media
1017 1897 1096 1944 vooe
1124 1886 1201 1945 ante
1224 1881 1372 1945 vocalem

240 1978 435 2063 conspicitur
457 1978 490 2042 in
514 1973 643 2042 δδεᾶν
666 1977 702 2044 77.
719 1981 769 2060 37,
794 1976 879 2059 quod
901 1997 966 2041 non
988 1976 1023 2040 in
1045 1975 1136 2041 libris
1152 1982 1243 2040 extat
1265 1976 1372 2054 (codd.

241 2071 382 2155 ἁδεῖαν),
405 2073 463 2142 sed
487 2081 587 2140 metro
610 2029 799 2158 postulatdr.
842 2075 927 2140 'Nam
945 2074 1137 2140 Laconicum
1160 2069 1252 2159 ἁδῆα
1275 2074 1373 2142 fuisse
1457 2099 1459 2105 ·

241 2172 378 2255 videtur,
401 2192 465 2236 non
489 2167 589 2237 ἁδεῖα
613 2172 651 2236 07.
675 2173 747 2250 ἕ7.
1485 2243 1486 2268 ,

327 2224 515 2341 thandum
537 2286 664 2350 quoque
686 2274 744 2350 est,
767 2267 851 2350 quod
875 2268 981 2350 prisea
997 2207 1217 2351 diphthongus
1232 2293 1271 2355 ηι
1287 2270 1374 2353 apud
1485 2277 1486 2304 ³

241 2364 470 2431 Alcmanem
456 2385 525 2478 Jam
554 2365 589 2430 in
613 2389 644 2430 ει
667 2371 840 2432 extenuata
862 2366 947 2431 est
939 2387 972 2430 m
995 2365 1098 2430 hisce:
1137 2365 1372 2444 πελειάδες

241 2483 318 2548 pap.
341 2466 371 2528 2.
394 2466 452 2546 26,
481 2462 544 2528 nisi
567 2461 708 2545 vulgaris
730 2463 832 2528 forma
854 2483 912 2546 pro
935 2462 1096 2528 Laconica
1118 2461 1293 2549 πεληάδες
1323 2465 1371 2542 (cl.

241 2561 362 2626 πέλεια
392 2558 425 2624 οἱ
447 2563 593 2643 Δωριεῖς
624 2557 680 2624 διὰ
709 2565 769 2624 τοῦ
793 2584 805 2624 ι
835 2560 907 2642 [leg.
931 2564 963 2646 η]
992 2547 1181 2645 γράφουσιν
1214 2559 1371 2628 Ohoercl).
1484 2645 1485 2652 ¹

242 2657 324 2725 Oxx.
340 2658 372 2722 II
388 2661 460 2724 253.
480 2660 532 2734 39)
556 2658 662 2740 posita
678 2663 736 2722 cst.
774 2650 980 2739 ἀνδρείων
1002 2656 1054 2722 vel
1077 2653 1244 2741 ἀνδρείων
1268 2659 1308 2725 77.
1324 2663 1373 2724 24.

242 2751 490 2842 8071ἀρήῑος
518 2774 593 2838 pap.
620 2757 688 2818 1.6
717 2773 781 2818 vox
809 2754 911 2836 epica.
946 2790 989 2828 -,
1021 2753 1094 2818 Non
1124 2755 1231 2820 minus
1262 2757 1373 2840 epieae

244 2852 382 2918 dialecto
417 2851 549 2918 debetur
578 2847 627 2932 ἠδ
659 2849 696 2914 77.
720 2853 760 2914 33
795 2850 876 2928 (cod.
907 2847 967 2924 οὐ).
1001 2887 1043 2900 -
1075 2851 1201 2916 Novam
1235 2852 1372 2919 sormam
1483 2875 1484 2880 ¹

242 2947 463 3029 cognoscimus
486 2966 505 3012 e
526 2967 667 3031 papyro,
698 2966 780 3029 quae
808 2955 897 3013 extat
925 2948 958 3012 in
986 2947 1091 3014 fronte
1113 2946 1183 3029 ejus
1208 2951 1373 3026 (altalo-

244 3041 415 3130 δεδκης,
438 3062 534 3125 quam
555 3043 583 3108 si
599 3061 670 3108 curn
685 3043 827 3126 Bergkio
849 3044 1045 3110 restituimus
1067 3045 1171 3128 7712,
1195 3047 1252 3112 ubi
1276 3055 1373 3116 antea

243 3137 461 3224 Πολυδεύκης
487 3141 663 3222 legebatur,
699 3141 874 3225 simplicior
901 3147 934 3208 et
961 3142 1064 3225 magis
1093 3141 1136 3208 ad
1165 3144 1372 3212 Alemanicae

244 3237 351 3321 poesis
372 3234 515 3302 indolem
537 3237 746 3304 accomodata
767 3238 801 3303 tit
821 3239 914 3304 metri
929 3240 1021 3305 ratio.
1051 3239 1184 3305 Nullum
1200 3245 1371 3328 vestigium

244 3335 365 3402 formae
398 3329 514 3412 πωλύς
547 3333 635 3418 apud
668 3337 770 3402 Dones
803 3336 974 3419 invenitur,
1012 3336 1069 3403 sed
1103 3345 1241 3422 apparet
1276 3342 1372 3424 longa

243 3432 366 3499 vocalis
387 3433 421 3498 in
443 3452 522 3499 voce
550 3426 726 3512 πώλυπος,
757 3453 852 3516 quam
874 3453 895 3498 a
916 3431 1024 3511 πολύς
1046 3441 1078 3500 et
1099 3434 1187 3512 πούς
1211 3436 1371 3504 deducere

243 3528 371 3594 dubitat
398 3529 526 3596 Ahrens
554 3528 585 3594 d.
609 3528 703 3594 (1.1).
730 3534 787 3596 167
818 3531 992 3613 immerito,
1022 3531 1056 3596 ni
1085 3521 1197 3617 tallor;
1227 3541 1370 3601 attamen

242 3625 398 3692 incertum
421 3626 556 3708 videtur,
582 3648 660 3692 num
683 3646 724 3693 ex
746 3647 785 3694 ea
807 3627 959 3711 colligere
981 3627 1167 3709 debeamus,
1188 3631 1370 3698 Πωλεδεύ·

245 3747 305 3806 κης
327 3724 472 3789 sonuisse
486 3722 628 3790 Pollucis
643 3742 760 3789 nomen
776 3723 863 3808 apud
878 3727 998 3809 Ucres,
1020 3746 1096 3791 nam
1112 3745 1153 3792 ex
1171 3727 1212 3793 iis
1235 3729 1369 3812 legibus,

245 3838 325 3901 quas
339 3820 374 3884 in
388 3820 500 3903 lingua
515 3820 640 3886 Graeca
654 3821 796 3887 valuisse
818 3821 982 3904 hucusque
999 3823 1218 3906 eognovimus,
1240 3825 1324 3892 illud
1345 3851 1369 3890 ω

245 3915 399 3997 explicari
421 3936 486 3983 non
508 3923 623 4001 potest.
653 3919 737 3984 Nam
752 3938 944 4002 quamquam
960 3939 978 3984 e
993 3919 1091 4004 stirpe
1113 3920 1222 3986 notro
1244 3932 1371 4007 praeter

245 4010 352 4075 πολλο
376 4013 483 4079 πουλο
506 4014 558 4079 vel
581 4014 677 4080 πωλο
708 4014 917 4100 productione
938 4017 1138 4100 suppletoria
1159 4019 1236 4084 oriri
1258 4021 1368 4104 potuit,
