2986 4864
231 411 293 473 374
750 407 841 476 Spisss
866 423 869 430 ⁴

230 649 250 728 ξ
277 650 324 711 19.
369 645 426 708 De
448 642 670 709 Aeolismis
693 642 923 707 Laoonioae
945 639 1126 706 dialeoto
1149 640 1359 707 Alemanis
1472 649 1473 676 l

694 739 898 805 admixtis.

318 875 460 942 Plurima
482 895 601 957 eorum,
624 876 738 958 quibus
753 874 946 941 Laeonieam
970 873 1142 940 dialectum
1164 894 1186 938 a
1199 873 1360 938 eommuni

230 977 342 1059 lingua
365 973 493 1039 differre
514 980 649 1060 constat,
672 973 861 1040 Lesbiorum
885 991 1011 1055 quoque
1033 979 1124 1036 sunt:
1148 994 1170 1033 α
1193 991 1254 1053 pro
1278 995 1304 1049 ε,
1326 995 1359 1036 αι
1472 1050 1474 1080 A

231 1095 290 1158 pro
314 1097 354 1152 at,
384 1095 405 1135 α
429 1090 487 1153 pro
510 1095 541 1157 η,
564 1095 586 1134 α
609 1091 666 1154 pro
689 1094 715 1134 ω
739 1077 824 1149 (ool,
853 1090 955 1156 ppro
979 1093 1020 1146 ει,
1036 1091 1071 1166 αι
1095 1089 1153 1151 pro
1177 1091 1228 1146 oo,
1260 1088 1360 1153 ppro
1473 1101 1474 1112 ι

232 1195 254 1234 α
276 1174 356 1248 (αι),
385 1191 457 1244 -rog
482 1188 540 1251 pro
562 1191 637 1244 -εσς
665 1191 757 1247 -συς,
787 1188 831 1232 σσ
852 1187 910 1250 pro
933 1188 970 1245 σ,
1000 1165 1165 1248 digamma
1187 1172 1361 1248 servatum,

232 1266 508 1352 praepositionum
522 1284 676 1349 apooope‚
700 1264 801 1330 dativi
820 1264 955 1348 pluralis
969 1263 1097 1346 longior
1110 1262 1216 1328 torma
1231 1266 1360 1342 (-εσσι),

233 1363 405 1430 declinatio
421 1362 592 1444 peculiaris
603 1361 750 1444 stirpium
764 1362 799 1427 in
815 1387 827 1426 ι
840 1360 1033 1441 exeuntium,
1049 1360 1249 1442 praepositio
1261 1358 1360 1438 πεδὰ,

231 1460 306 1528 alia.
350 1458 409 1524 His
432 1459 578 1525 omnibus
607 1459 734 1525 omissis
756 1479 796 1526 ea
824 1459 1071 1544 perlustramus,
1102 1477 1185 1540 quae
1208 1458 1360 1524 Aeolioae

233 1557 364 1625 dialeoti
379 1556 479 1623 sollus
494 1557 624 1641 propria
639 1565 722 1638 sunt,
746 1563 946 1640 quaerentes,
970 1577 1045 1621 num
1061 1574 1101 1621 ea
1114 1555 1148 1620 iu
1165 1555 1360 1622 Alemaniois

232 1655 420 1748 fragmentis
442 1653 537 1720 nobis
559 1661 734 1722 ooourrant.
779 1673 875 1737 apro
898 1677 936 1732 α,
966 1675 984 1716 o
1007 1673 1065 1736 pro
1087 1677 1124 1731 α,
1155 1678 1174 1716 o
1198 1674 1259 1736 pro
1282 1677 1320 1731 α,
1349 1679 1361 1718 ι

232 1774 290 1838 pro
306 1777 334 1830 v,
358 1771 441 1835 quae
462 1751 656 1819 mutationes
677 1753 711 1818 in
729 1751 920 1834 quibusdam
942 1750 1074 1816 rooibus
1096 1750 1251 1833 existunt,
1274 1751 1361 1834 apud

232 1856 377 1917 nostrum
399 1854 527 1932 poetam
550 1869 613 1914 nou
636 1850 786 1931 leguntur
808 1855 840 1914 et
861 1868 933 1914 raro
949 1848 1078 1913 omnino
1101 1855 1234 1932 propter
1256 1849 1361 1933 pauni-

232 1953 331 2014 tatem
347 1947 595 2028 fragmentorum
610 1945 736 2012 oooasio
752 1946 828 2012 data
840 1951 908 2011 erat
923 1945 1080 2027 ejusmodi
1093 1947 1226 2016 vooibus
1239 1947 1361 2014 utendi.

233 2069 251 2109 o
275 2044 310 2110 in
332 2069 351 2108 v
373 2043 607 2109 mutationum
630 2044 813 2127 exemplum
843 2049 931 2110 extat
960 2038 1092 2124 ὅνυμα
1121 2043 1158 2108 ir.
1182 2047 1234 2121 27,
1265 2065 1360 2126 qnam

232 2141 366 2206 formam
382 2141 443 2206 viri
458 2141 543 2206 dooti
560 2140 770 2207 Doriensibus
785 2159 911 2223 quoqne
926 2140 1039 2206 merito
1054 2141 1244 2208 attribuunt.
1275 2143 1362 2208 Inter

234 2257 290 2304 aas
318 2238 546 2321 proprietates,
580 2237 695 2318 quibus
717 2239 908 2304 Asianorum
937 2236 1094 2304 dialeotus
1116 2238 1258 2334 maxime
1284 2241 1360 2307 insi·

233 2334 350 2417 guitur,
374 2339 439 2416 est,
468 2332 553 2415 quod
575 2335 741 2417 antiquum
765 2357 829 2400 ανσ
851 2342 883 2402 et
905 2357 967 2402 σνσ
985 2335 1021 2400 in
1044 2357 1103 2400 αισ
1126 2343 1158 2402 et
1180 2359 1238 2401 οισ
1261 2344 1361 2404 muta·

160 2423 164 2437 '
233 2437 316 2497 runt.
360 2431 443 2496 Huio
471 2431 543 2496 usui
564 2439 747 2516 repugnant
775 2432 864 2516 apud
884 2433 1075 2499 Alemauem
1102 2431 1170 2509 τὼς
1199 2430 1389 2517 ἀρίστας,-

233 2524 325 2612 ὥρας
340 2533 418 2604 (aet.
433 2528 539 2611 plna),
560 2535 668 2610 μῶσα,
684 2536 839 2610 καμοῦσι,
855 2526 993 2596 εὕδουσι
1008 2530 1083 2612 alia,
1099 2530 1158 2597 sed
1173 2539 1361 2600 constanter

233 2625 422 2691 Lesbiaoam
451 2625 678 2709 proprietatem
701 2627 858 2710 praebent
884 2627 1055 2711 partieipia
1083 2629 1179 2710 vulgo
1201 2630 1236 2692 iu
1258 2652 1361 2695 -oooo

234 2724 386 2788 exeuntia
407 2723 446 2788 ol.
462 2725 480 2802 ξ
497 2727 525 2788 8.
557 2749 570 2788 ι
592 2725 674 2790 iuter
696 2724 777 2790 duas
798 2725 1088 2808 vooalespositum
1104 2746 1125 2791 a
1139 2726 1268 2792 Lesbiis
1292 2746 1362 2794 esse

233 2827 395 2886 extrusum
417 2827 450 2886 et
471 2821 669 2902 grammatici
690 2820 804 2888 dooeut
827 2829 858 2887 et
879 2822 953 2888 libri
975 2823 1201 2907 eomprobaut3
1226 2832 1260 2890 at
1274 2824 1361 2908 apud

233 2917 422 2982 Alemonam
452 2916 567 2999 legitur
589 2913 715 2984 ἁὸιᾶν
736 2918 774 2982 tr.
794 2923 846 3000 37,
875 2919 933 2986 sed
955 2920 1008 2984 hio
1030 2939 1098 2986 mos
1120 2940 1161 2986 ne
1183 2941 1204 2986 a
1225 2923 1362 2988 Dorien-

233 3012 322 3078 sibus
344 3012 473 3095 quidem
496 3034 625 3096 prorsus
647 3015 772 3082 alienus
793 3014 891 3098 luisse
913 3014 1047 3083 videtur.
1083 3023 1107 3101 β
1128 3039 1186 3102 pro
1210 3017 1231 3081 δ
1254 3019 1362 3085 Aeoli·

234 3128 305 3174 cum
321 3116 451 3175 voeatur
464 3112 514 3175 nt.
527 3112 568 3176 M.
582 3115 653 3191 200,
668 3116 707 3177 27
723 3115 809 3199 βλῆρ
822 3111 999 3192 Αἰσλικώς
1012 3113 1051 3180 τὸ
1069 3112 1206 3200 δέλεαρ·
1222 3115 1258 3182 οἱ
1270 3115 1362 3182 Αἰσ-

234 3204 304 3281 tezo
326 3203 364 3270 τὸ
382 3205 401 3270 ὁ
418 3204 468 3284 εἰς
482 3211 504 3289 β
519 3213 699 3291 τρέπουσι·
722 3209 802 3286 τοὺς
824 3208 887 3293 γὰρ
904 3209 1066 3297 δελφῖνας
1088 3212 1256 3298 pelassos
1273 3237 1361 3300 φασι

235 3303 291 3366 καὶ
313 3301 391 3378 τούς
413 3304 571 3389 Δελφοὺς
594 3305 761 3391 Βελφσύς.
796 3309 894 3373 Extat
915 3308 1004 3391 apud
1018 3310 1215 3394 Hesychium
1238 3312 1359 3397 βλῆρ·

233 3397 354 3483 δέλεαρ
378 3397 463 3484 παρ’
485 3398 691 3484 Ἀλκμαίωνι
713 3401 733 3490 ἡ
757 3400 857 3484 λέξις.
895 3405 985 3487 Sunt,
1009 3407 1062 3488 qni
1085 3414 1242 3474 censeant
1261 3406 1361 3475 Ἀλκ-

233 3502 357 3577 μαίωνι
386 3497 420 3562 in
451 3495 589 3586 Ἀλκαίῳ
618 3500 805 3566 mutandum
836 3521 923 3582 esse,
954 3523 1037 3586 quae
1066 3506 1199 3572 uomina
1227 3508 1360 3591 saepius

234 3592 318 3658 inter
341 3603 580 3677 se-permutata
601 3603 684 3664 sunt.
722 3618 821 3682 ‹ppro
837 3603 864 3662 θ
879 3600 911 3664 iu
933 3619 1012 3666 vooe
1034 3598 1105 3686 φήρ
1121 3603 1290 3670 Aeolioum
1315 3605 1359 3670 di·

235 3689 315 3754 oitur
337 3696 370 3756 et
393 3692 508 3774 legitur
529 3693 771 3781 aotxttaopov'
796 3697 829 3761 in
850 3696 1034 3780 Sappbouis
1056 3699 1170 3781 fragm.
1190 3705 1216 3764 1.
1261 3701 1357 3785 Apud

233 3793 376 3852 nostrum
406 3793 582 3875 φαιναις
610 3811 668 3873 pro
697 3797 836 3870 θοίναις
866 3793 902 3859 ir.
926 3797 983 3876 24,
1017 3795 1075 3862 sed
1104 3802 1215 3883 θῆρες
1244 3799 1282 3865 tr.
1308 3803 1356 3880 60,

235 3885 354 3964 θηρῶν
376 3883 414 3950 fr.
437 3888 488 3948 20.
528 3886 769 3969 singulare-est
791 3891 823 3954 in
847 3891 1033 3958 Lesbiorum
1056 3894 1196 3961 dialeoto
1220 3894 1239 3974 ζ
1261 3898 1292 3960 iu
1316 3895 1357 3962 σδ

112 4005 115 4012 ,
234 3981 407 4060 mutatum,
440 3981 526 4061 quod
553 3983 587 4046 iu
616 3991 781 4066 poetarum
810 3987 900 4052 libris
929 3989 1008 4055 satis
1037 4010 1152 4075 saepe,
1182 3992 1241 4058 sed
1270 3992 1356 4060 haud
