2916 4872
253 418 295 479 92
749 420 885 476 Bannaelr

253 594 414 662 sententia
435 612 456 658 a
477 592 579 660 torma
607 591 642 658 in
671 613 789 658 -σσσι
811 599 959 660 exeunte.
1003 592 1047 659 Ut
1069 592 1154 660 enirn
1177 612 1220 660 ex
1242 590 1362 680 civ-lod

251 713 352 758 ποισι
385 686 603 774 ἀνθρώποις,
636 689 683 754 ita
716 709 758 756 ex
789 686 959 775 σἰγώνεσσι
991 689 1093 756 forma
1125 685 1279 774 *ἄγαγες
1308 692 1363 759 lieri

252 789 365 875 potuit,
388 808 472 872 quae
485 794 604 870 tamen,
626 786 888 872 quandoquidem
909 787 1126 854 nominativus
1147 789 1231 873 plur.
1250 790 1311 856 iarn
1325 791 1363 857 ila

252 889 399 971 sonabat,
423 886 532 953 deleta
553 886 606 952 vel
627 886 734 969 potius
755 886 789 952 in
811 886 1031 970 genetivorum
1053 887 1099 970 pl.
1114 905 1178 952 seo.
1200 885 1281 954 deal.
1302 907 1364 954 ana

252 987 372 1070 logiam
396 991 444 1052 est
459 981 600 1065 redacta,
624 984 709 1066 quod
731 985 843 1067 lingua
858 991 1024 1067 utrumqne
1040 1002 1149 1050 easum
1165 989 1253 1050 oerta
1273 986 1363 1052 terni·

250 1086 383 1152 natione
411 1081 567 1165 insignire
589 1080 720 1147 studuit.
764 1081 814 1146 Ad
838 1101 933 1166 quam
956 1079 1084 1164 quidem
1110 1081 1362 1165 permutationem

252 1179 454 1250 efficiendam
476 1184 644 1264 praeterea
663 1177 799 1247 fortasse
812 1180 1012 1262 aliquantum
1029 1177 1135 1245 dualis
1156 1179 1362 1262 genetivomm

250 1281 286 1346 in
308 1301 401 1343 -οιιι
422 1275 575 1359 analogia
587 1275 704 1358 attulit,
727 1277 781 1359 qui
803 1277 867 1343 iam
889 1279 990 1344 multo
1012 1283 1110 1345 antea
1131 1277 1270 1346 similem
1288 1277 1362 1362 passi

253 1383 345 1444 erant
359 1373 579 1456 mutationem,
601 1373 636 1439 id
657 1373 743 1455 quod
764 1374 939 1442 verisimile
959 1373 1004 1458 fit,
1027 1376 1056 1442 si
1069 1395 1126 1443 eas
1140 1376 1260 1442 formas
1280 1383 1363 1441 meta·

252 1476 405 1559 plastieas
427 1472 491 1537 iam
514 1469 746 1555 antiquioribus
767 1473 965 1557 temporibus
986 1474 1117 1558 reperiri
1136 1474 1222 1540 inira
1242 1473 1361 1540 videbis.

252 1573 297 1640 Ut
318 1572 414 1656 igitur
431 1566 605 1636 seeundum
628 1566 723 1635 δυοῖν
738 1569 920 1637 Herodotus
939 1568 1084 1636 dativum
1105 1573 1242 1656 pluralis
1264 1570 1361 1637 δυοῖσι
1442 1577 1443 1631 i

251 1671 361 1751 (etiam
383 1689 435 1753 ap.
457 1667 596 1754 Hesyob.
621 1666 748 1734 δυοῖσι·
777 1679 852 1745 τοῖς
878 1666 968 1749 δύο),
998 1676 1034 1735 ut
1061 1665 1362 1737 seeundumdooou
1442 1677 1443 1694 ²

251 1769 384 1853 Sappho
407 1769 447 1832 28
470 1773 503 1832 et
519 1763 680 1832 Hesiodus
695 1764 747 1832 So.
763 1768 825 1831 426
848 1762 968 1844 ὄσσοις
990 1774 1022 1836 et
1044 1763 1181 1833 ὄσσοισι
1204 1765 1359 1846 finxerunt,

250 1867 296 1932 ita
317 1867 402 1933 aliae
424 1883 550 1948 qnoque
564 1863 686 1929 formae
700 1869 775 1928 sunt
789 1870 887 1929 ortua
921 1864 960 1929 In
976 1865 1098 1931 numeri
1121 1865 1254 1932 ternarii
1275 1865 1361 1930 lerna

251 1968 360 2049 τρίσις
390 1967 422 2029 et
450 1963 586 2028 aliarum
617 1960 770 2044 analogia
799 1967 831 2026 et
861 1960 983 2028 formae
1012 1967 1098 2047 τρία,
1135 1967 1237 2047 τριῶν
1266 1960 1361 2044 magni
1442 2011 1443 2038 ,

251 2061 406 2127 momenti
427 2059 526 2125 luisse
547 2057 707 2124 videntur.
751 2056 895 2126 Similem
921 2058 955 2124 in
978 2058 1108 2124 modum
1129 2058 1303 2126 seeundum
1322 2077 1362 2124 ae
1442 2053 1443 2096 ³

252 2160 429 2226 eusativum
452 2153 627 2240 θυγατέρα
656 2156 690 2220 in
715 2155 975 2240 inscriptionibus
997 2157 1155 2241 delpbiois
1185 2165 1250 2242 lap.
1271 2157 1318 2222 W.
1337 2161 1362 2222 et
1442 2229 1443 2232 ρ

252 2258 289 2323 F.
312 2258 385 2336 376,
417 2258 472 2337 1¹3
501 2257 553 2335 46,
577 2256 597 2316 2
619 2258 691 2331 ete.)
720 2258 753 2317 et
781 2253 901 2336 argivis
929 2260 994 2338 (ap.
1023 2254 1060 2320 B.
1087 2257 1180 2332 1226)
1209 2254 1362 2338 genetivus

253 2349 443 2438 θυγατέρος
476 2351 628 2417 formatus
662 2350 833 2416 invenitur.
888 2351 1011 2418 Eadem
1042 2351 1124 2417 ratio
1156 2350 1190 2416 iu
1224 2347 1361 2436 Hesychii

251 2453 361 2535 glossa
388 2447 519 2534 γύναιξ·
549 2446 662 2534 γύναι,
693 2448 895 2533 oonspioitnr,
925 2468 1021 2532 quam
1044 2449 1189 2534 Guyetns
1217 2449 1300 2514 male
1318 2445 1362 2512 vel

250 2550 285 2615 in
313 2557 444 2632 γοναῖς·
472 2547 622 2630 γυναιξίν
645 2546 698 2612 vel
729 2546 762 2610 in
790 2550 903 2632 γοναί·
930 2557 1086 2630 γυναῖκες
1115 2552 1239 2613 mutare
1264 2543 1361 2623 voluit,

252 2667 312 2731 ego
348 2644 580 2711 nominativum
615 2643 791 2710 seeundum
826 2662 919 2708 casus
960 2643 1107 2727 obliquos
1139 2643 1304 2709 formatum
1336 2645 1361 2705 et

252 2744 393 2811 vocativi
424 2744 496 2809 loeo
532 2747 721 2826 usurpatum
759 2759 831 2806 esse
866 2741 1020 2824 suspicor.
1078 2739 1244 2806 Postremo
1276 2745 1361 2805 meta·
1443 2809 1444 2814 .

252 2843 404 2927 plastices
431 2840 599 2924 genetivus
630 2835 795 2906 Οἴνοκλέα
823 2840 888 2921 (ap.
910 2837 960 2902 W.
984 2845 1016 2904 et
1036 2836 1074 2903 F.
1097 2840 1130 2919 2,
1155 2842 1204 2921 4),
1234 2833 1359 2903 Διοκλέα
1443 2833 1444 2886 3

252 2939 342 3018 (ibid.
373 2942 410 3020 4,
439 2941 488 3020 4),
519 2933 665 3001 Εὐτέλσσ
696 2940 743 3018 (4,
774 2939 834 3020 13),
865 2931 1056 3019 Ἐργοτέλου
1085 2939 1139 3021 (4,
1164 2937 1233 3016 18),
1261 2937 1361 3014 Δαμσ-
1443 3013 1444 3018 ¹

252 3033 376 3120 κράσοο
400 3041 464 3119 (ap.
488 3036 523 3098 B.
550 3036 660 3116 1296),
687 3029 918 3117 Καλλικράσσσ
940 3035 1038 3112 (1249
1052 3036 1112 3110 ter)
1134 3033 1169 3098 in
1191 3030 1360 3098 memoriam

168 3223 170 3228 ,
251 3152 378 3200 I'OVOOO.

339 3241 427 3308 Haeo
447 3259 551 3324 panea
567 3239 607 3306 de
622 3240 802 3306 dativorum
817 3240 949 3306 istorum
966 3239 1089 3323 origine
1110 3238 1247 3322 praefati
1266 3253 1359 3304 eorum

253 3338 404 3424 exempla
431 3339 517 3404 hune
543 3337 577 3403 in
604 3339 709 3404 looum
732 3358 950 3422 congeramus.
994 3336 1084 3418 Quae
1106 3335 1235 3418 quidem
1255 3328 1358 3418 reperi·

252 3445 349 3504 unbrr
369 3437 402 3503 in
425 3435 685 3520 inse1iptienibus

265 3667 270 3678 .
340 3589 379 3651 A.
424 3583 1006 3668 Graeciaeseptentrienalis:

338 3716 527 3800 „inseriptio
552 3715 807 3782 Melitaeensinm
836 3721 868 3782 et
888 3714 1090 3796 Perensium‚
1119 3713 1253 3780 duorum
1272 3710 1357 3777 Thes·
1446 3725 1447 3768 l

254 3815 356 3880 saliae
377 3814 576 3897 populorum,
601 3814 654 3895 qui
669 3815 801 3879 Aetolos
815 3812 951 3878 arbitros
973 3818 1184 3896 sumpserant,
1206 3812 1262 3878 sub
1277 3808 1357 3874 finem

254 3911 337 3977 tertii
360 3932 381 3977 a
403 3911 460 3977 eh.
483 3933 514 3977 n.
537 3911 679 3977 saeculi“
702 3910 863 3996 inseulpta
885 3910 1032 3993 (Ussing,
1055 3911 1150 3978 inser.
1171 3908 1256 3976 ined.
1277 3928 1305 3991 p.
1326 3908 1356 3983 6;

252 4011 355 4091 [tang.
378 4009 452 4074 Aut.
476 4007 560 4074 Hell.
582 4009 624 4090 ΙΙ,
648 4012 711 4073 276
732 4030 785 4075 no.
809 4010 883 4084 692)
907 4008 1054 4075 exhibet:
