2986 4864
231 407 273 460 De
291 404 401 460 ablativi
418 405 447 459 in
465 406 599 460 veteribus
616 405 714 473 linguis
731 405 829 461 italicis
847 404 934 459 forme
954 409 981 459 et
998 421 1050 460 usu
1067 404 1154 460 locali.
1192 400 1254 464 395

261 578 397 645 aedibus
417 579 584 646 absterrui.
618 579 716 645 -Titin
740 585 791 643 45.

261 676 424 759 egredere,
448 678 510 760 exi,
534 675 672 743 ecferte
694 675 933 742 eliminanrbe.
969 676 1083 742 Accius
1107 679 1179 742 593.

263 793 357 857 quam
380 781 538 841 extorrem
562 775 623 840 hac
644 774 738 840 domo
761 773 887 840 faciam.
920 775 1085 857 Τ1116,77,
1110 775 1163 840 ubi
1181 774 1259 840 Rib-

132 870 228 937 becki
251 871 433 938 coniectura
454 873 616 956 probatur.

262 989 411 1054 evolvam
427 997 513 1056 terra
527 997 584 1056 aut
598 991 679 1057 mari
690 998 745 1056 aut
760 991 921 1057 alicunde.
944 991 1048 1055 Plant.
1061 989 1177 1057 Pseud.
1186 993 1258 1056 365.

261 1093 355 1169 porta
377 1087 532 1154 exierunt.
565 1088 632 1153 Mil.
659 1091 749 1169 1432,
775 1108 837 1170 quc
859 1089 930 1153 loco
950 1089 1086 1172 portam,
1116 1087 1203 1172 quod
1224 1087 1259 1153 in
1308 1141 1311 1148 .

132 1183 203 1250 cod.
227 1183 337 1249 Ambr.
367 1183 493 1266 legitur,
526 1179 612 1250 hand
641 1186 772 1251 omnino
800 1186 996 1252 reiciendum
1026 1191 1090 1268 est,
1119 1187 1148 1251 si
1176 1185 1259 1252 com·
1374 1225 1378 1238 .
1430 1216 1434 1225 ·

133 1301 286 1365 paramus
305 1300 353 1362 66,
377 1301 461 1364 6666
475 1283 684 1348 usitatissima
698 1288 788 1348 sunt:
811 1282 1033 1355 centenalem,
1058 1284 1151 1346 limen
1167 1284 1260 1346 cartre

133 1380 207 1445 Tor.
232 1378 311 1444 Hoc.
335 1381 406 1458 378,
429 1398 535 1462 graec.
558 1378 695 1446 ἐκπλεῖν
715 1379 774 1444 τὸν
792 1375 1044 1467 Ἑλλήσποντον.

261 1496 368 1579 patria
390 1495 450 1563 hac
473 1498 634 1582 effugiam.
667 1499 762 1564 Mero.
786 1502 857 1563 660.

263 1612 360 1659 manu
397 1594 529 1661 emisisti
564 1596 740 1662 mulierem.
789 1597 888 1662 Persa
909 1600 982 1662 482.
1026 1597 1141 1662 Mirum
1175 1595 1259 1681 quod

133 1690 267 1756 Plautus
294 1698 390 1774 atque
412 1693 582 1759 Terentius
611 1712 737 1776 semper
765 1692 827 1758 hoo
848 1693 947 1758 verbo
969 1694 1145 1777 composito
1171 1695 1260 1755 emit-

134 1797 200 1850 tere
231 1794 362 1854 utuntur
390 1790 440 1867 (cl.
463 1791 535 1857 Lor.
558 1791 592 1855 in
615 1790 666 1857 ed.
688 1788 804 1856 Pseud.
827 1793 912 1866 346).
957 1790 1040 1856 llam
1070 1790 1165 1855 Botbi
1194 1788 1260 1856 edi·
1338 1789 1351 1800 ⁷
1413 1761 1424 1772 “

132 1883 223 1966 tioni,
246 1886 302 1950 ubi
322 1887 492 1969 aliquoties
507 1907 599 1950 monn
614 1889 738 1949 mittere
758 1887 883 1969 legitur,
907 1908 972 1952 non
995 1886 1129 1952 multum
1150 1887 1260 1954 tribui·

133 2002 205 2048 mus
227 1983 280 2056 161.
303 1982 411 2050 Oasin.
434 1985 475 2066 11,
499 1989 528 2066 8,
553 1988 592 2050 38
615 2005 644 2050 a.
668 1988 716 2060 6.).

263 2103 411 2168 manibus
433 2103 567 2168 amisisti
590 2101 754 2186 praedam.
788 2103 855 2169 Mil.
879 2107 951 2169 457.

263 2199 548 2283 opsonaturedeo.
582 2200 666 2266 Men.
691 2202 763 2265 277.
787 2203 865 2284 288;
889 2200 961 2267 Cas.
984 2201 1045 2280 111,
1069 2205 1098 2284 3,
1122 2205 1173 2269 98.

263 2298 360 2363 eiciat
380 2297 509 2381 oppido.
544 2301 616 2363 Ter.
641 2297 740 2362 Andr.
765 2301 836 2363 382.

263 2396 393 2461 emunxi
415 2400 549 2479 argento
572 2415 675 2462 senes.
713 2397 791 2461 Pho.
816 2400 888 2462 682.

264 2509 337 2558 erus
358 2513 459 2559 uxore
481 2491 610 2559 excidit.
644 2491 744 2557 Andr.
768 2497 840 2558 423.

262 2589 405 2671 acueris
419 2590 584 2655 abscessit.
607 2590 709 2656 Naev.
722 2593 774 2672 26,
796 2591 815 2656 1.
831 2610 859 2656 6.
882 2591 980 2673 longe
995 2592 1122 2657 abesto
1141 2594 1259 2675 pueris.

189 2691 238 2750 at:
261 2703 302 2750 ex
333 2687 466 2770 ephebis
498 2687 663 2753 excedere.
711 2688 806 2753 llere.
834 2691 891 2770 61,
921 2689 942 2752 1.
974 2707 1001 2754 e.
1039 2687 1134 2754 desiit
1163 2690 1260 2776 ephe·

134 2781 195 2847 bus
217 2801 298 2848 esse.

210 2900 241 2978 b)
263 2920 281 2966 6
303 2909 476 2985 conspectu
497 2902 572 2968 hinc
593 2903 735 2969 amolire.
769 2904 888 2975 Pacuv.
914 2907 983 2968 184.

265 3000 331 3064 exit
352 3019 394 3065 ex
415 2999 551 3065 aedibus
573 3020 743 3082 quoquam.
776 3001 879 3066 Plant.
902 2999 1017 3066 Pseud.
1043 3004 1113 3066 730.

266 3097 444 3164 exturbasti
466 3117 507 3164 ex
528 3096 672 3164 aedibus.
707 3097 795 3162 Trin.
822 3101 890 3163 137.

265 3211 394 3277 possum
409 3213 468 3260 ‘me
490 3196 640 3262 evolvere
662 3215 703 3262 ex
725 3195 775 3261 his
797 3196 906 3262 turbis.
940 3199 1014 3262 Ter.
1037 3195 1115 3262 Pho.
1139 3199 1211 3261 824.

223 3311 284 3377 Hic
305 3311 382 3380 rlsus
407 3332 465 3397 per
486 3319 586 3378 totam
607 3312 799 3379 latinitatem
822 3314 964 3396 vulgaris
987 3321 1065 3380 erat.

180 3465 222 3529 11.
267 3443 376 3529 verca
394 3465 589 3546 abstinendi,
612 3463 783 3545 irroranda,
806 3464 963 3531 solvendi.
1060 3535 1062 3540 ,
1120 3492 1122 3496 -

214 3584 246 3658 o)
269 3581 402 3664 capitali
425 3583 544 3667 periclo
566 3600 618 3648 me
640 3583 777 3665 servavi.
811 3583 916 3648 Plaut.
939 3583 1028 3648 Trin.
1054 3586 1144 3652 1088.
1175 3565 1179 3576 .

267 3699 325 3746 vos
347 3680 430 3747 curis
452 3681 535 3746 solvi
557 3679 679 3745 ceteris.
713 3680 788 3746 Ter.
811 3680 889 3748 Hec.
914 3683 985 3746 236.

266 3777 447 3860 requiescat
468 3777 572 3842 malis.
603 3776 727 3844 Ennius
748 3786 788 3844 tr.
811 3781 883 3842 295.

268 3873 355 3941 dicta
375 3875 468 3942 tactis
492 3875 684 3958 discrepant.
719 3877 832 3942 Accius
856 3879 906 3943 48.

227 4023 229 4028 -
267 3994 363 4042 curae
384 3995 495 4043 somno
519 3997 570 4042 me
592 3981 773 4059 segregant.
806 3973 894 4039 Sext.
917 3975 1015 4056 Turp.
1040 3976 1089 4038 52.
