2968 4866
208 449 269 514 280
710 447 846 502 Schrader

207 645 243 693 se
264 625 376 693 ferunt·
391 619 531 705 speeiem
553 623 685 706 (φίκατι
700 626 727 701 1,
740 624 770 684 2.
807 617 1000 704 περτέὸωκε
1017 624 1046 697 2,
1070 619 1109 686 of.
1132 627 1208 688 oret.
1226 628 1338 707 rcopcc'.

200 721 285 799 Ἶλος
307 741 349 788 ex
367 717 489 796 Ἰόλαος
513 723 543 784 5.
591 719 701 784 extit.
724 716 931 784 Phaselensi:
970 713 1064 783 ἅλιον
1087 721 1146 784 καὶ
1175 725 1239 804 γᾶν
1260 741 1290 785 v.
1308 725 1337 784 1.

207 820 352 896 οἵτινες
375 813 549 904 ὀφείλοντι
570 814 613 898 ἐμ
627 819 710 902 μησί
734 835 765 882 v.
783 818 825 892 7).
860 814 930 880 Iam
953 815 1003 881 his
1025 815 1058 881 in
1081 817 1182 884 titulis
1204 819 1340 884 mutatio

207 941 278 984 o:o
306 918 392 984 ultra
418 916 560 999 ipsarum
587 914 779 981 aeolicarum
811 912 1020 979 dialectorum
1050 914 1131 981 fines
1158 925 1340 1000 propagata

208 1023 272 1100 est3
294 1015 412 1097 legitur
434 1014 519 1080 euim
542 1018 577 1077 ut
598 1013 631 1078 in
647 1011 796 1077 arcadica
814 1017 846 1077 et
867 1010 901 1076 iu
916 1011 1047 1095 cyprica
1069 1011 1209 1079 dialecto
1221 1010 1341 1098 Ὑδρο-

206 1111 332 1198 μούα-ο
356 1117 389 1195 53
412 1113 509 1177 immo
532 1113 791 1194 Κοορασίων-ος
817 1112 843 1172 1.
886 1104 1090 1193 ἘσττέόιᾸυς
1111 1111 1229 1184 (Eokel
1253 1133 1339 1178 num.

208 1219 271 1278 vet.
296 1229 386 1278 auec.
408 1229 440 1292 p.
457 1210 541 1286 219).
579 1203 597 1274 ὖ
620 1207 802 1291 βολέμεοος
823 1205 871 1271 tit.
887 1205 1059 1290 Sylliensis
1081 1213 1176 1293 v.13‚.
1199 1245 1244 1256 -

293 1308 398 1387 Quam
431 1305 472 1370 ob
507 1324 575 1371 rem
614 1303 816 1389 probandum
854 1322 926 1370 csse
958 1324 1023 1370 nou
1056 1325 1173 1373 censeo
1207 1309 1236 1374 si
1270 1309 1340 1391 quis

208 1406 326 1473 dixerit
345 1409 385 1471 aa
400 1403 510 1470 formis
525 1400 605 1483 cao,
626 1400 717 1482 ἄλλο,
740 1399 822 1466 acco
839 1400 908 1467 sim.
925 1403 1074 1469 artiorem
1090 1403 1252 1470 Arcadum
1268 1426 1340 1472 cum

207 1503 334 1571 Lesbiis
356 1500 625 1569 necessitudinem
648 1499 757 1582 colligi
785 1518 891 1582 posse.
935 1499 1047 1583 Itaque
1069 1509 1104 1566 ut
1125 1523 1222 1570 nemo
1251 1505 1341 1570 dubi-

73 1681 84 1688 ,
207 1601 306 1683 tabit,
336 1599 412 1683 quin
420 1647 430 1682 ‚
458 1605 493 1664 ut
514 1598 664 1681 exemplo
692 1601 778 1676 utar,
809 1594 919 1680 Cyprii
941 1598 974 1663 in
998 1600 1103 1665 vocali
1130 1625 1145 1665 ε
1168 1601 1203 1666 in
1228 1627 1242 1668 ι
1264 1611 1341 1671 aute

207 1701 337 1767 vocales
360 1695 515 1763 mutanda
538 1715 609 1762 cum
628 1693 844 1775 cretensibus,
868 1695 900 1760 in
924 1718 946 1759 α
967 1695 1001 1759 iu
1024 1718 1043 1759 ο
1065 1699 1246 1766 mutatione
1268 1721 1340 1768 cum

207 1795 338 1864 Boeotis
361 1815 437 1862 casu
464 1793 657 1875 fortuitoque
687 1793 902 1874 consentiant,
932 1792 979 1858 ita
1007 1793 1060 1858 hic
1085 1813 1213 1878 quoque
1242 1799 1341 1882 longe

207 1895 275 1961 veri
297 1893 433 1960 similius
454 1890 533 1957 mihi
555 1911 626 1958 esse
647 1889 774 1955 videtur
790 1889 931 1956 Arcades
953 1896 985 1956 et
1003 1891 1137 1959 Lesbios
1160 1894 1340 1964 disiunctos
1380 1973 1382 1980 ¹

207 1999 304 2074 atque
327 1995 493 2073 separatos
516 2011 534 2052 ο
557 1991 603 2064 (α)
625 1988 659 2052 in
682 2011 701 2050 ο
723 1994 873 2052 mutasse.

754 2155 791 2222 C.

293 2283 343 2349 De
357 2282 407 2362 iis,
428 2280 542 2364 quibus
557 2279 705 2346 arcadico
720 2279 875 2346 dialectus
890 2298 956 2345 una
971 2299 1042 2346 cum
1058 2283 1190 2366 cyprico
1211 2294 1340 2369 praeter

208 2380 348 2464 reliquas
370 2398 482 2445 omnes
506 2376 663 2444 dialectos
684 2377 819 2460 insignis
842 2377 892 2458 sit,
916 2381 981 2459 §2
1011 2379 1049 2443 A.
1066 2379 1090 2443 l.
1119 2385 1358 2480 exposuimus..

292 2478 458 2543 Accedunt
487 2495 591 2561 pauca
613 2495 654 2544 ex
675 2475 721 2541 tit.
744 2481 818 2558 1ος.ν
841 2493 923 2558 quac
945 2482 1059 2560 patent
1081 2482 1336 2566 controversiam

206 2579 395 2660 ο1φθέρος
417 2581 481 2658 teg.
498 2578 527 2641 8.
565 2578 634 2658 (pro
649 2569 847 2658 *φθέρσας,
871 2577 1039 2658 φθέρρας,
1063 2573 1220 2661 poppae)
1236 2591 1339 2666 σφεῖς

208 2673 273 2739 dat.
297 2671 413 2738 δέατοι
437 2683 538 2758 σφεῖς
560 2674 691 2754 teg.18.

292 2765 391 2852 μέστ’
415 2767 456 2834 ἄν
471 2798 514 2822 =
527 2767 627 2852 μέχρι
649 2763 689 2832 ἄν
713 2767 752 2833 of.
775 2766 902 2834 Curtius
923 2769 1027 2837 Jahns
1049 2772 1137 2841 Jarb.
1153 2777 1205 2838 83.
1245 2773 1277 2840 εἰ
1300 2775 1336 2840 δέ

207 2891 259 2944 τις
282 2872 322 2945 (e.
345 2886 376 2949 g.
399 2862 477 2932 κατ’
502 2866 534 2933 εἰ
557 2865 594 2931 δέ
617 2888 692 2930 τινα
714 2862 841 2948 τρόπον
865 2864 1012 2954 φθήρων
1040 2873 1103 2953 teg'.
1130 2875 1193 2946 17).

292 2964 358 3030 Sed
379 2963 460 3030 haec
475 2964 638 3030 hactenus.
677 2964 922 3030 Demonstrasse
940 2966 1025 3030 enim
1040 2967 1119 3033 mihi
1134 2969 1249 3036 videor
1269 2978 1334 3037 tam

206 3061 308 3126 multa
322 3061 501 3127 Arcadibus
516 3081 586 3127 cum
603 3060 681 3126 solis
695 3060 905 3126 Dorieusibus
921 3065 1102 3130 eommunia
1117 3085 1198 3149 esse,
1216 3068 1333 3136 deinde

207 3177 257 3238 ca,
274 3157 388 3240 quibus
400 3158 541 3225 Arcades
557 3178 626 3224 eum
638 3158 852 3224 Aeolensibus
866 3159 995 3244 faciunt,
1012 3162 1054 3226 ad
1066 3164 1172 3246 prisca
1188 3171 1332 3251 tempora

206 3254 317 3322 referri
340 3276 405 3321 non
428 3276 532 3339 posse,
557 3256 694 3340 denique
709 3261 757 3320 tot
771 3256 932 3339 tantisque
954 3259 1244 3328 rebusarcadicam
1267 3265 1331 3330 dia-

206 3353 323 3419 lectum
338 3355 500 3437 propriam
515 3354 660 3420 induisse
675 3359 805 3435 vestem,
830 3359 865 3418 ut
879 3365 1037 3438 appareat
1050 3360 1103 3425 vel
1118 3368 1231 3428 contra
1247 3363 1329 3428 Stra-

78 3489 85 3510 .
206 3451 299 3518 bonis
314 3452 536 3518 auctoritatem
551 3452 595 3518 ad
609 3458 750 3518 veterem
765 3451 901 3518 Ahreusi
925 3455 1117 3520 seutentiam
1132 3458 1327 3525 redeundum

205 3567 295 3632 esse,
325 3568 401 3631 qua
423 3549 496 3616 ille
518 3571 595 3615 non
618 3551 744 3616 solum
767 3548 889 3614 Eleos
911 3567 1046 3616 verum
1070 3554 1189 3622 etiam
1212 3561 1328 3624 Arca·

207 3645 278 3712 des
299 3645 491 3714 aeolicae
510 3648 631 3731 stirpi
654 3645 922 3727 abiudicavit,
946 3653 1154 3735 proprium
1170 3656 1326 3739 utrique

206 3741 389 3810 dialecto
405 3745 1324 3833 locumintersermonemPcloponncnsiacum

205 3838 449 3906 vindicavit.
482 3839 575 3920 Quod
587 3863 658 3908 eum
673 3844 719 3908 ita
729 3844 780 3922 sit,
791 3845 853 3911 iter
863 3845 955 3926 illud,
969 3867 1031 3930 quo
1041 3849 1218 3917 Aeoleuses
1234 3871 1324 3934 quon-

205 3934 280 4000 dam
298 3937 332 4002 in
347 3939 605 4021 Peloponnesum
622 3961 663 4008 ex
677 3942 848 4009 Thessalia
865 3943 1072 4012 descendisse
1088 3945 1216 4012 Gelbke
1233 3946 1321 4025 (stud.

204 4032 238 4096 II
248 4037 297 4109 10)
306 4034 432 4116 poetica
443 4036 914 4123 inventionecxpinxit‚vereor
923 4062 1136 4127 necunquam
1149 4045 1191 4110 sit
1200 4044 1318 4111 lactum.
