<?xml version="1.0" encoding="UTF-8"?>
<!DOCTYPE html PUBLIC "-//W3C//DTD XHTML 1.0 Transitional//EN"
    "http://www.w3.org/TR/xhtml1/DTD/xhtml1-transitional.dtd">
<html xmlns="http://www.w3.org/1999/xhtml" xml:lang="en" lang="en">
 <head>
  <title>
</title>
<meta http-equiv="Content-Type" content="text/html;charset=utf-8" />
  <meta name='ocr-system' content='tesseract 3.04.00' />
  <meta name='ocr-capabilities' content='ocr_page ocr_carea ocr_par ocr_line ocrx_word'/>
</head>
<body>
  <div class='ocr_page' id='page_1' title='image "./studienzurgriec01vanigoog_0413.png"; bbox 0 0 2986 4864; ppageno 0'>
   <div class='ocr_carea' id='block_1_1' title="bbox 236 436 1260 507">
    <p class='ocr_par' dir='ltr' id='par_1_1' title="bbox 236 436 1260 507">
     <span class='ocr_line' id='line_1_1' title="bbox 236 436 1260 507; baseline 0.015 -17"><span class='ocrx_word' id='word_1_1' title='bbox 236 436 283 492; x_wconf 85' lang='lat' dir='ltr'><strong>De.</strong></span> <span class='ocrx_word' id='word_1_2' title='bbox 295 436 406 492; x_wconf 87' lang='lat' dir='ltr'><strong>ablativi</strong></span> <span class='ocrx_word' id='word_1_3' title='bbox 423 438 451 492; x_wconf 93' lang='lat' dir='ltr'><strong>in</strong></span> <span class='ocrx_word' id='word_1_4' title='bbox 469 437 604 493; x_wconf 86' lang='lat' dir='ltr'><strong>veteribus</strong></span> <span class='ocrx_word' id='word_1_5' title='bbox 622 438 720 507; x_wconf 78' lang='lat' dir='ltr'><strong>linguis</strong></span> <span class='ocrx_word' id='word_1_6' title='bbox 738 439 835 494; x_wconf 80' lang='lat' dir='ltr'><strong>italicis</strong></span> <span class='ocrx_word' id='word_1_7' title='bbox 854 440 941 496; x_wconf 83' lang='lat' dir='ltr'><strong>forma</strong></span> <span class='ocrx_word' id='word_1_8' title='bbox 959 441 986 496; x_wconf 86' lang='lat' dir='ltr'><strong>et</strong></span> <span class='ocrx_word' id='word_1_9' title='bbox 1003 458 1055 498; x_wconf 92' lang='lat' dir='ltr'><strong>usu</strong></span> <span class='ocrx_word' id='word_1_10' title='bbox 1073 443 1163 500; x_wconf 81' lang='lat' dir='ltr'><strong>locali.</strong></span> <span class='ocrx_word' id='word_1_11' title='bbox 1200 443 1260 505; x_wconf 83' lang='grc'><strong>401</strong></span> 
     </span>
    </p>
   </div>
   <div class='ocr_carea' id='block_1_2' title="bbox 133 609 1262 1466">
    <p class='ocr_par' dir='ltr' id='par_1_2' title="bbox 136 609 1262 889">
     <span class='ocr_line' id='line_1_2' title="bbox 223 609 1262 699; baseline 0.012 -27"><span class='ocrx_word' id='word_1_12' title='bbox 223 613 254 688; x_wconf 99' lang='grc'>2)</span> <span class='ocrx_word' id='word_1_13' title='bbox 285 614 433 694; x_wconf 82' lang='lat' dir='ltr'><strong>Aegypto</strong></span> <span class='ocrx_word' id='word_1_14' title='bbox 461 609 609 676; x_wconf 87' lang='lat' dir='ltr'><strong>advenio.</strong></span> <span class='ocrx_word' id='word_1_15' title='bbox 650 611 754 677; x_wconf 88' lang='lat' dir='ltr'><strong>Plaut.</strong></span> <span class='ocrx_word' id='word_1_16' title='bbox 785 612 878 678; x_wconf 88' lang='lat' dir='ltr'><strong>Most</strong></span> <span class='ocrx_word' id='word_1_17' title='bbox 901 617 978 694; x_wconf 89' lang='grc'>440,</span> <span class='ocrx_word' id='word_1_18' title='bbox 1010 635 1103 699; x_wconf 89' lang='lat' dir='ltr'><strong>quem</strong></span> <span class='ocrx_word' id='word_1_19' title='bbox 1133 617 1262 685; x_wconf 85' lang='lat' dir='ltr'><strong>dieendi</strong></span> 
     </span>
     <span class='ocr_line' id='line_1_3' title="bbox 137 707 1261 797; baseline 0.007 -25"><span class='ocrx_word' id='word_1_20' title='bbox 137 729 227 774; x_wconf 91' lang='lat' dir='ltr'><strong>usum</strong></span> <span class='ocrx_word' id='word_1_21' title='bbox 251 707 469 787; x_wconf 80' lang='lat' dir='ltr'><strong>Quintilianus</strong></span> <span class='ocrx_word' id='word_1_22' title='bbox 498 710 535 789; x_wconf 88' lang='lat' dir='ltr'><strong>(l,</strong></span> <span class='ocrx_word' id='word_1_23' title='bbox 560 712 589 788; x_wconf 86' lang='lat'><strong>5,</strong></span> <span class='ocrx_word' id='word_1_24' title='bbox 614 709 666 784; x_wconf 86' lang='lat'><strong>38)</strong></span> <span class='ocrx_word' id='word_1_25' title='bbox 695 709 864 791; x_wconf 84' lang='lat' dir='ltr'><strong>vituperat.</strong></span> <span class='ocrx_word' id='word_1_26' title='bbox 905 712 943 778; x_wconf 88' lang='lat' dir='ltr'><strong>al.</strong></span> <span class='ocrx_word' id='word_1_27' title='bbox 967 713 1122 797; x_wconf 81' lang='lat' dir='ltr'><strong>Draegeri</strong></span> <span class='ocrx_word' id='word_1_28' title='bbox 1144 715 1261 781; x_wconf 89' lang='lat' dir='ltr'><strong>librum</strong></span> 
     </span>
     <span class='ocr_line' id='line_1_4' title="bbox 136 810 595 889; baseline -0.002 -18"><span class='ocrx_word' id='word_1_29' title='bbox 136 826 209 889; x_wconf 86' lang='lat' dir='ltr'><strong>pag.</strong></span> <span class='ocrx_word' id='word_1_30' title='bbox 234 810 305 870; x_wconf 92' lang='grc'>457.</span> <span class='ocrx_word' id='word_1_31' title='bbox 591 841 595 848; x_wconf 90' lang='grc'><strong>-</strong></span> 
     </span>
    </p>

    <p class='ocr_par' dir='ltr' id='par_1_3' title="bbox 221 902 718 980">
     <span class='ocr_line' id='line_1_5' title="bbox 221 902 718 980; baseline -0.002 -12"><span class='ocrx_word' id='word_1_32' title='bbox 221 906 252 980; x_wconf 89' lang='grc'><strong>3)</strong></span> <span class='ocrx_word' id='word_1_33' title='bbox 276 902 371 969; x_wconf 90' lang='lat' dir='ltr'><strong>rediit</strong></span> <span class='ocrx_word' id='word_1_34' title='bbox 394 902 496 967; x_wconf 85' lang='lat' dir='ltr'><strong>Caria.</strong></span> <span class='ocrx_word' id='word_1_35' title='bbox 533 902 622 969; x_wconf 81' lang='lat' dir='ltr'><strong>Oura.</strong></span> <span class='ocrx_word' id='word_1_36' title='bbox 645 906 718 968; x_wconf 93' lang='grc'>225.</span> 
     </span>
    </p>

    <p class='ocr_par' dir='ltr' id='par_1_4' title="bbox 197 993 1105 1084">
     <span class='ocr_line' id='line_1_6' title="bbox 197 993 1105 1084; baseline 0.006 -21"><span class='ocrx_word' id='word_1_37' title='bbox 197 993 199 998; x_wconf 74' lang='grc'><strong>’</strong></span> <span class='ocrx_word' id='word_1_38' title='bbox 221 1005 252 1075; x_wconf 91' lang='grc'><strong>4)</strong></span> <span class='ocrx_word' id='word_1_39' title='bbox 275 998 377 1066; x_wconf 88' lang='lat' dir='ltr'><strong>adtuli</strong></span> <span class='ocrx_word' id='word_1_40' title='bbox 401 1007 453 1064; x_wconf 90' lang='lat' dir='ltr'><strong>tus</strong></span> <span class='ocrx_word' id='word_1_41' title='bbox 476 1001 577 1064; x_wconf 86' lang='lat' dir='ltr'><strong>Ponto</strong></span> <span class='ocrx_word' id='word_1_42' title='bbox 600 1019 780 1067; x_wconf 86' lang='lat' dir='ltr'><strong>amoenum.</strong></span> <span class='ocrx_word' id='word_1_43' title='bbox 818 1004 911 1068; x_wconf 80' lang='lat' dir='ltr'><strong>Troo.</strong></span> <span class='ocrx_word' id='word_1_44' title='bbox 934 1003 976 1082; x_wconf 90' lang='grc' dir='ltr'>ΙΙ,</span> <span class='ocrx_word' id='word_1_45' title='bbox 1001 1007 1030 1084; x_wconf 90' lang='grc'>6,</span> <span class='ocrx_word' id='word_1_46' title='bbox 1055 1007 1105 1069; x_wconf 89' lang='grc'><strong>59.</strong></span> 
     </span>
    </p>

    <p class='ocr_par' dir='ltr' id='par_1_5' title="bbox 136 1097 1260 1273">
     <span class='ocr_line' id='line_1_7' title="bbox 220 1097 1260 1183; baseline 0.006 -21"><span class='ocrx_word' id='word_1_47' title='bbox 220 1105 251 1170; x_wconf 91' lang='grc'><strong>5)</strong></span> <span class='ocrx_word' id='word_1_48' title='bbox 274 1098 429 1182; x_wconf 84' lang='lat' dir='ltr'><strong>petebant</strong></span> <span class='ocrx_word' id='word_1_49' title='bbox 451 1098 568 1180; x_wconf 85' lang='lat' dir='ltr'><strong>pellem</strong></span> <span class='ocrx_word' id='word_1_50' title='bbox 594 1097 736 1180; x_wconf 84' lang='lat' dir='ltr'><strong>Oolehis,</strong></span> <span class='ocrx_word' id='word_1_51' title='bbox 759 1098 893 1183; x_wconf 87' lang='lat' dir='ltr'><strong>imperio</strong></span> <span class='ocrx_word' id='word_1_52' title='bbox 915 1099 1001 1182; x_wconf 81' lang='lat' dir='ltr'><strong>rogis</strong></span> <span class='ocrx_word' id='word_1_53' title='bbox 1022 1101 1141 1168; x_wconf 87' lang='lat' dir='ltr'><strong>Peliae.</strong></span> <span class='ocrx_word' id='word_1_54' title='bbox 1176 1103 1260 1168; x_wconf 80' lang='lat' dir='ltr'><strong>Eun.</strong></span> 
     </span>
     <span class='ocr_line' id='line_1_8' title="bbox 136 1196 500 1273; baseline -0.008 -12"><span class='ocrx_word' id='word_1_55' title='bbox 136 1204 172 1261; x_wconf 89' lang='lat' dir='ltr'><strong>tr.</strong></span> <span class='ocrx_word' id='word_1_56' title='bbox 196 1199 259 1262; x_wconf 87' lang='grc'>286</span> <span class='ocrx_word' id='word_1_57' title='bbox 286 1196 391 1273; x_wconf 75' lang='lat' dir='ltr'><strong>(Ribb.</strong></span> <span class='ocrx_word' id='word_1_58' title='bbox 416 1199 500 1269; x_wconf 90' lang='grc'>211).</span> 
     </span>
    </p>

    <p class='ocr_par' dir='ltr' id='par_1_6' title="bbox 133 1292 1259 1466">
     <span class='ocr_line' id='line_1_9' title="bbox 221 1292 1259 1380; baseline 0.004 -22"><span class='ocrx_word' id='word_1_59' title='bbox 221 1299 251 1372; x_wconf 88' lang='grc'><strong>6)</strong></span> <span class='ocrx_word' id='word_1_60' title='bbox 274 1294 405 1360; x_wconf 88' lang='lat' dir='ltr'><strong>Utinam</strong></span> <span class='ocrx_word' id='word_1_61' title='bbox 421 1311 462 1358; x_wconf 89' lang='lat' dir='ltr'><strong>ne</strong></span> <span class='ocrx_word' id='word_1_62' title='bbox 474 1312 625 1375; x_wconf 88' lang='lat' dir='ltr'><strong>unquam,</strong></span> <span class='ocrx_word' id='word_1_63' title='bbox 642 1292 745 1374; x_wconf 88' lang='lat' dir='ltr'><strong>Mede,</strong></span> <span class='ocrx_word' id='word_1_64' title='bbox 764 1293 890 1360; x_wconf 83' lang='lat' dir='ltr'><strong>Oolehis</strong></span> <span class='ocrx_word' id='word_1_65' title='bbox 901 1294 1018 1378; x_wconf 85' lang='lat' dir='ltr'><strong>eupido</strong></span> <span class='ocrx_word' id='word_1_66' title='bbox 1031 1295 1127 1362; x_wconf 87' lang='lat' dir='ltr'><strong>eorde</strong></span> <span class='ocrx_word' id='word_1_67' title='bbox 1142 1296 1259 1380; x_wconf 89' lang='lat' dir='ltr'><strong>pedem</strong></span> 
     </span>
     <span class='ocr_line' id='line_1_10' title="bbox 133 1392 509 1466; baseline -0.011 -8"><span class='ocrx_word' id='word_1_68' title='bbox 133 1392 305 1458; x_wconf 81' lang='lat' dir='ltr'><strong>extulisses</strong></span> <span class='ocrx_word' id='word_1_69' title='bbox 328 1395 385 1456; x_wconf 87' lang='lat'><strong>311</strong></span> <span class='ocrx_word' id='word_1_70' title='bbox 413 1392 509 1466; x_wconf 87' lang='grc'>(241).</span> 
     </span>
    </p>
   </div>
   <div class='ocr_carea' id='block_1_3' title="bbox 166 1507 1320 3153">
    <p class='ocr_par' dir='ltr' id='par_1_7' title="bbox 166 1507 1188 1696">
     <span class='ocr_line' id='line_1_11' title="bbox 166 1507 1188 1593; baseline 0.004 -21"><span class='ocrx_word' id='word_1_71' title='bbox 166 1509 196 1586; x_wconf 79' lang='lat' dir='ltr'><strong>l)</strong></span> <span class='ocrx_word' id='word_1_72' title='bbox 224 1514 252 1588; x_wconf 90' lang='lat'><strong>1)</strong></span> <span class='ocrx_word' id='word_1_73' title='bbox 275 1529 316 1576; x_wconf 85' lang='lat' dir='ltr'><strong>ex</strong></span> <span class='ocrx_word' id='word_1_74' title='bbox 338 1507 473 1574; x_wconf 75' lang='lat' dir='ltr'><strong>Graecia</strong></span> <span class='ocrx_word' id='word_1_75' title='bbox 495 1527 589 1574; x_wconf 89' lang='lat' dir='ltr'><strong>nemo</strong></span> <span class='ocrx_word' id='word_1_76' title='bbox 611 1509 742 1593; x_wconf 85' lang='lat' dir='ltr'><strong>reperiri</strong></span> <span class='ocrx_word' id='word_1_77' title='bbox 765 1517 879 1593; x_wconf 87' lang='lat' dir='ltr'><strong>potest.</strong></span> <span class='ocrx_word' id='word_1_78' title='bbox 915 1511 1028 1577; x_wconf 78' lang='lat' dir='ltr'><strong>Aonius</strong></span> <span class='ocrx_word' id='word_1_79' title='bbox 1051 1515 1123 1578; x_wconf 89' lang='grc'>464.</span> <span class='ocrx_word' id='word_1_80' title='bbox 1145 1547 1188 1558; x_wconf 93' lang='lat'><strong>—-</strong></span> 
     </span>
     <span class='ocr_line' id='line_1_12' title="bbox 176 1607 756 1696; baseline -0.002 -23"><span class='ocrx_word' id='word_1_81' title='bbox 176 1608 316 1696; x_wconf 76' lang='lat' dir='ltr'><strong>Plautus</strong></span> <span class='ocrx_word' id='word_1_82' title='bbox 332 1607 466 1691; x_wconf 87' lang='lat' dir='ltr'><strong>praebet</strong></span> <span class='ocrx_word' id='word_1_83' title='bbox 488 1607 638 1689; x_wconf 82' lang='lat' dir='ltr'><strong>exempla</strong></span> <span class='ocrx_word' id='word_1_84' title='bbox 660 1608 756 1674; x_wconf 82' lang='lat' dir='ltr'><strong>haee:</strong></span> 
     </span>
    </p>

    <p class='ocr_par' dir='ltr' id='par_1_8' title="bbox 220 1703 916 1792">
     <span class='ocr_line' id='line_1_13' title="bbox 220 1703 916 1792; baseline 0 -23"><span class='ocrx_word' id='word_1_85' title='bbox 220 1710 251 1783; x_wconf 92' lang='grc'>2)</span> <span class='ocrx_word' id='word_1_86' title='bbox 276 1725 316 1792; x_wconf 66' lang='lat' dir='ltr'><strong>err</strong></span> <span class='ocrx_word' id='word_1_87' title='bbox 338 1703 528 1770; x_wconf 80' lang='lat' dir='ltr'><strong>Macedonia</strong></span> <span class='ocrx_word' id='word_1_88' title='bbox 550 1703 697 1770; x_wconf 86' lang='lat' dir='ltr'><strong>advenio.</strong></span> <span class='ocrx_word' id='word_1_89' title='bbox 731 1705 819 1770; x_wconf 82' lang='lat' dir='ltr'><strong>Trin.</strong></span> <span class='ocrx_word' id='word_1_90' title='bbox 845 1708 916 1769; x_wconf 83' lang='lat'><strong>845.</strong></span> 
     </span>
    </p>

    <p class='ocr_par' dir='ltr' id='par_1_9' title="bbox 219 1801 1076 1883">
     <span class='ocr_line' id='line_1_14' title="bbox 219 1801 1076 1883; baseline -0.002 -14"><span class='ocrx_word' id='word_1_91' title='bbox 219 1807 251 1883; x_wconf 90' lang='grc'><strong>3)</strong></span> <span class='ocrx_word' id='word_1_92' title='bbox 274 1823 314 1869; x_wconf 82' lang='lat' dir='ltr'><strong>ex</strong></span> <span class='ocrx_word' id='word_1_93' title='bbox 337 1802 415 1868; x_wconf 86' lang='lat' dir='ltr'><strong>Asia</strong></span> <span class='ocrx_word' id='word_1_94' title='bbox 436 1802 533 1867; x_wconf 86' lang='lat' dir='ltr'><strong>venit.</strong></span> <span class='ocrx_word' id='word_1_95' title='bbox 568 1801 665 1866; x_wconf 82' lang='lat' dir='ltr'><strong>stioh.</strong></span> <span class='ocrx_word' id='word_1_96' title='bbox 692 1805 762 1883; x_wconf 92' lang='grc'>152,</span> <span class='ocrx_word' id='word_1_97' title='bbox 786 1804 858 1866; x_wconf 83' lang='grc'>367.</span> <span class='ocrx_word' id='word_1_98' title='bbox 892 1802 980 1866; x_wconf 85' lang='lat' dir='ltr'><strong>Trin.</strong></span> <span class='ocrx_word' id='word_1_99' title='bbox 1005 1804 1076 1868; x_wconf 85' lang='grc'>845.</span> 
     </span>
    </p>

    <p class='ocr_par' dir='ltr' id='par_1_10' title="bbox 219 1897 1107 1980">
     <span class='ocr_line' id='line_1_15' title="bbox 219 1897 1107 1980; baseline -0.002 -15"><span class='ocrx_word' id='word_1_100' title='bbox 219 1905 250 1980; x_wconf 95' lang='grc'><strong>6)</strong></span> <span class='ocrx_word' id='word_1_101' title='bbox 274 1899 446 1966; x_wconf 81' lang='lat' dir='ltr'><strong>abductam</strong></span> <span class='ocrx_word' id='word_1_102' title='bbox 469 1919 510 1966; x_wconf 85' lang='lat' dir='ltr'><strong>ex</strong></span> <span class='ocrx_word' id='word_1_103' title='bbox 532 1897 662 1964; x_wconf 85' lang='lat' dir='ltr'><strong>Arabia.</strong></span> <span class='ocrx_word' id='word_1_104' title='bbox 696 1899 796 1964; x_wconf 89' lang='lat' dir='ltr'><strong>Persa</strong></span> <span class='ocrx_word' id='word_1_105' title='bbox 819 1903 890 1964; x_wconf 90' lang='grc'>522.</span> <span class='ocrx_word' id='word_1_106' title='bbox 923 1900 1010 1964; x_wconf 85' lang='lat' dir='ltr'><strong>Trin.</strong></span> <span class='ocrx_word' id='word_1_107' title='bbox 1036 1904 1107 1965; x_wconf 88' lang='grc'>845.</span> 
     </span>
    </p>

    <p class='ocr_par' dir='ltr' id='par_1_11' title="bbox 220 1992 1083 2080">
     <span class='ocr_line' id='line_1_16' title="bbox 220 1992 1083 2080; baseline -0.003 -15"><span class='ocrx_word' id='word_1_108' title='bbox 220 2003 250 2074; x_wconf 89' lang='grc'><strong>8)</strong></span> <span class='ocrx_word' id='word_1_109' title='bbox 271 1992 316 2064; x_wconf 87' lang='grc'><strong>’55</strong></span> <span class='ocrx_word' id='word_1_110' title='bbox 338 1998 409 2080; x_wconf 90' lang='lat' dir='ltr'><strong>quis</strong></span> <span class='ocrx_word' id='word_1_111' title='bbox 431 2011 472 2062; x_wconf 83' lang='lat' dir='ltr'><strong>ex</strong></span> <span class='ocrx_word' id='word_1_112' title='bbox 494 1996 615 2062; x_wconf 88' lang='lat' dir='ltr'><strong>Arabia</strong></span> <span class='ocrx_word' id='word_1_113' title='bbox 637 2003 856 2078; x_wconf 85' lang='lat' dir='ltr'><strong>persequatur.</strong></span> <span class='ocrx_word' id='word_1_114' title='bbox 890 1995 989 2062; x_wconf 88' lang='lat' dir='ltr'><strong>Persa</strong></span> <span class='ocrx_word' id='word_1_115' title='bbox 1012 2002 1083 2062; x_wconf 92' lang='grc'>541.</span> 
     </span>
    </p>

    <p class='ocr_par' dir='ltr' id='par_1_12' title="bbox 218 2093 801 2178">
     <span class='ocr_line' id='line_1_17' title="bbox 218 2093 801 2178; baseline -0.003 -18"><span class='ocrx_word' id='word_1_116' title='bbox 218 2099 251 2174; x_wconf 88' lang='grc'><strong>9)</strong></span> <span class='ocrx_word' id='word_1_117' title='bbox 272 2115 314 2162; x_wconf 87' lang='lat' dir='ltr'><strong>ex</strong></span> <span class='ocrx_word' id='word_1_118' title='bbox 336 2093 433 2161; x_wconf 81' lang='lat' dir='ltr'><strong>Alide</strong></span> <span class='ocrx_word' id='word_1_119' title='bbox 455 2095 558 2160; x_wconf 86' lang='lat' dir='ltr'><strong>rediit.</strong></span> <span class='ocrx_word' id='word_1_120' title='bbox 593 2093 684 2178; x_wconf 87' lang='lat' dir='ltr'><strong>Oapt.</strong></span> <span class='ocrx_word' id='word_1_121' title='bbox 710 2097 801 2158; x_wconf 86' lang='grc'>1662.</span> 
     </span>
    </p>

    <p class='ocr_par' dir='ltr' id='par_1_13' title="bbox 200 2190 796 2271">
     <span class='ocr_line' id='line_1_18' title="bbox 200 2190 796 2271; baseline -0.003 -13"><span class='ocrx_word' id='word_1_122' title='bbox 200 2199 250 2271; x_wconf 87' lang='grc'><strong>10)</strong></span> <span class='ocrx_word' id='word_1_123' title='bbox 275 2213 315 2260; x_wconf 85' lang='lat' dir='ltr'><strong>ex</strong></span> <span class='ocrx_word' id='word_1_124' title='bbox 337 2190 432 2258; x_wconf 82' lang='lat' dir='ltr'><strong>Alide</strong></span> <span class='ocrx_word' id='word_1_125' title='bbox 454 2191 671 2257; x_wconf 84' lang='lat' dir='ltr'><strong>redduximus</strong></span> <span class='ocrx_word' id='word_1_126' title='bbox 705 2196 796 2256; x_wconf 86' lang='lat'>1011.</span> 
     </span>
    </p>

    <p class='ocr_par' dir='ltr' id='par_1_14' title="bbox 173 2276 1320 2768">
     <span class='ocr_line' id='line_1_19' title="bbox 200 2276 1320 2384; baseline -0.002 -28"><span class='ocrx_word' id='word_1_127' title='bbox 200 2294 250 2370; x_wconf 87' lang='lat'><strong>11)</strong></span> <span class='ocrx_word' id='word_1_128' title='bbox 272 2310 344 2384; x_wconf 68' lang='lat' dir='ltr'><strong>eras</strong></span> <span class='ocrx_word' id='word_1_129' title='bbox 355 2297 427 2356; x_wconf 86' lang='lat' dir='ltr'><strong>tuas</strong></span> <span class='ocrx_word' id='word_1_130' title='bbox 439 2296 535 2372; x_wconf 87' lang='lat' dir='ltr'><strong>atque</strong></span> <span class='ocrx_word' id='word_1_131' title='bbox 547 2309 587 2356; x_wconf 84' lang='lat' dir='ltr'><strong>ex</strong></span> <span class='ocrx_word' id='word_1_132' title='bbox 600 2290 736 2356; x_wconf 75' lang='lat' dir='ltr'><strong>Graecia</strong></span> <span class='ocrx_word' id='word_1_133' title='bbox 748 2289 826 2368; x_wconf 87' lang='lat' dir='ltr'><strong>(soil.</strong></span> <span class='ocrx_word' id='word_1_134' title='bbox 841 2295 965 2373; x_wconf 87' lang='lat' dir='ltr'><strong>oportet</strong></span> <span class='ocrx_word' id='word_1_135' title='bbox 977 2291 1069 2366; x_wconf 85' lang='lat' dir='ltr'><strong>esse).</strong></span> <span class='ocrx_word' id='word_1_136' title='bbox 1093 2287 1174 2354; x_wconf 88' lang='lat' dir='ltr'><strong>Rud.</strong></span> <span class='ocrx_word' id='word_1_137' title='bbox 1185 2293 1257 2354; x_wconf 83' lang='grc'>737.</span> <span class='ocrx_word' id='word_1_138' title='bbox 1318 2276 1320 2285; x_wconf 61' lang='grc'>’</span> 
     </span>
     <span class='ocr_line' id='line_1_20' title="bbox 199 2387 1109 2471; baseline -0.003 -17"><span class='ocrx_word' id='word_1_139' title='bbox 199 2391 249 2468; x_wconf 93' lang='grc'><strong>12)</strong></span> <span class='ocrx_word' id='word_1_140' title='bbox 272 2387 375 2454; x_wconf 89' lang='lat' dir='ltr'><strong>adtuli</strong></span> <span class='ocrx_word' id='word_1_141' title='bbox 397 2388 554 2471; x_wconf 86' lang='lat' dir='ltr'><strong>pallulam</strong></span> <span class='ocrx_word' id='word_1_142' title='bbox 578 2406 618 2452; x_wconf 86' lang='lat' dir='ltr'><strong>ex</strong></span> <span class='ocrx_word' id='word_1_143' title='bbox 640 2387 791 2470; x_wconf 82' lang='lat' dir='ltr'><strong>Phrygia.</strong></span> <span class='ocrx_word' id='word_1_144' title='bbox 825 2388 918 2450; x_wconf 80' lang='lat' dir='ltr'><strong>Troo.</strong></span> <span class='ocrx_word' id='word_1_145' title='bbox 940 2387 981 2467; x_wconf 94' lang='grc' dir='ltr'>ΙΙ,</span> <span class='ocrx_word' id='word_1_146' title='bbox 1006 2390 1034 2467; x_wconf 91' lang='grc'>6,</span> <span class='ocrx_word' id='word_1_147' title='bbox 1060 2390 1109 2451; x_wconf 90' lang='grc'><strong>55.</strong></span> 
     </span>
     <span class='ocr_line' id='line_1_21' title="bbox 198 2483 1060 2564; baseline -0.007 -12"><span class='ocrx_word' id='word_1_148' title='bbox 198 2490 248 2564; x_wconf 88' lang='grc'>13)</span> <span class='ocrx_word' id='word_1_149' title='bbox 270 2484 393 2552; x_wconf 84' lang='lat' dir='ltr'><strong>adduxi</strong></span> <span class='ocrx_word' id='word_1_150' title='bbox 415 2486 551 2552; x_wconf 77' lang='lat' dir='ltr'><strong>ancillas</strong></span> <span class='ocrx_word' id='word_1_151' title='bbox 575 2504 615 2551; x_wconf 87' lang='lat' dir='ltr'><strong>ex</strong></span> <span class='ocrx_word' id='word_1_152' title='bbox 638 2484 740 2550; x_wconf 84' lang='lat' dir='ltr'><strong>Suria.</strong></span> <span class='ocrx_word' id='word_1_153' title='bbox 773 2486 868 2550; x_wconf 83' lang='lat' dir='ltr'><strong>Truo.</strong></span> <span class='ocrx_word' id='word_1_154' title='bbox 891 2483 932 2564; x_wconf 88' lang='lat' dir='ltr'><strong>Il,</strong></span> <span class='ocrx_word' id='word_1_155' title='bbox 957 2487 986 2564; x_wconf 85' lang='lat'><strong>6,</strong></span> <span class='ocrx_word' id='word_1_156' title='bbox 1010 2486 1060 2546; x_wconf 83' lang='lat'><strong>49.</strong></span> 
     </span>
     <span class='ocr_line' id='line_1_22' title="bbox 199 2582 1116 2665; baseline -0.007 -17"><span class='ocrx_word' id='word_1_157' title='bbox 199 2588 249 2664; x_wconf 90' lang='grc'><strong>14)</strong></span> <span class='ocrx_word' id='word_1_158' title='bbox 272 2583 416 2648; x_wconf 88' lang='lat' dir='ltr'><strong>adtulisti</strong></span> <span class='ocrx_word' id='word_1_159' title='bbox 440 2602 540 2665; x_wconf 87' lang='lat' dir='ltr'><strong>usque</strong></span> <span class='ocrx_word' id='word_1_160' title='bbox 562 2601 580 2648; x_wconf 86' lang='lat' dir='ltr'><strong>e</strong></span> <span class='ocrx_word' id='word_1_161' title='bbox 603 2583 723 2648; x_wconf 87' lang='lat' dir='ltr'><strong>Persia.</strong></span> <span class='ocrx_word' id='word_1_162' title='bbox 759 2582 859 2647; x_wconf 87' lang='lat' dir='ltr'><strong>Persa</strong></span> <span class='ocrx_word' id='word_1_163' title='bbox 881 2583 953 2661; x_wconf 90' lang='grc'>461,</span> <span class='ocrx_word' id='word_1_164' title='bbox 979 2582 1050 2644; x_wconf 91' lang='grc'>498.</span> <span class='ocrx_word' id='word_1_165' title='bbox 1075 2613 1116 2625; x_wconf 93' lang='grc'><strong>-</strong></span> 
     </span>
     <span class='ocr_line' id='line_1_23' title="bbox 173 2681 1037 2768; baseline -0.003 -21"><span class='ocrx_word' id='word_1_166' title='bbox 173 2682 346 2748; x_wconf 80' lang='lat' dir='ltr'><strong>Terentius</strong></span> <span class='ocrx_word' id='word_1_167' title='bbox 368 2682 448 2747; x_wconf 84' lang='lat' dir='ltr'><strong>haee</strong></span> <span class='ocrx_word' id='word_1_168' title='bbox 470 2681 585 2746; x_wconf 86' lang='lat' dir='ltr'><strong>habet:</strong></span> <span class='ocrx_word' id='word_1_169' title='bbox 1024 2737 1037 2768; x_wconf 67' lang='grc'>,</span> 
     </span>
    </p>

    <p class='ocr_par' dir='ltr' id='par_1_15' title="bbox 199 2776 955 2861">
     <span class='ocr_line' id='line_1_24' title="bbox 199 2776 955 2861; baseline -0.009 -17"><span class='ocrx_word' id='word_1_170' title='bbox 199 2781 249 2856; x_wconf 90' lang='grc'><strong>16)</strong></span> <span class='ocrx_word' id='word_1_171' title='bbox 273 2799 313 2844; x_wconf 89' lang='lat' dir='ltr'><strong>ex</strong></span> <span class='ocrx_word' id='word_1_172' title='bbox 336 2779 442 2844; x_wconf 84' lang='lat' dir='ltr'><strong>Attioa</strong></span> <span class='ocrx_word' id='word_1_173' title='bbox 465 2777 540 2842; x_wconf 86' lang='lat' dir='ltr'><strong>hino</strong></span> <span class='ocrx_word' id='word_1_174' title='bbox 562 2778 741 2861; x_wconf 82' lang='lat' dir='ltr'><strong>abreptam.</strong></span> <span class='ocrx_word' id='word_1_175' title='bbox 776 2776 859 2840; x_wconf 82' lang='lat' dir='ltr'><strong>Eun.</strong></span> <span class='ocrx_word' id='word_1_176' title='bbox 886 2778 955 2838; x_wconf 87' lang='lat'><strong>110.</strong></span> 
     </span>
    </p>

    <p class='ocr_par' dir='ltr' id='par_1_16' title="bbox 199 2875 907 2959">
     <span class='ocr_line' id='line_1_25' title="bbox 199 2875 907 2959; baseline -0.007 -18"><span class='ocrx_word' id='word_1_177' title='bbox 199 2878 250 2954; x_wconf 92' lang='grc'><strong>17)</strong></span> <span class='ocrx_word' id='word_1_178' title='bbox 273 2895 313 2942; x_wconf 85' lang='lat' dir='ltr'><strong>ex</strong></span> <span class='ocrx_word' id='word_1_179' title='bbox 334 2875 507 2959; x_wconf 83' lang='lat' dir='ltr'><strong>Aethiopia</strong></span> <span class='ocrx_word' id='word_1_180' title='bbox 528 2875 715 2940; x_wconf 77' lang='lat' dir='ltr'><strong>ancillulam</strong></span> <span class='ocrx_word' id='word_1_181' title='bbox 741 2875 810 2937; x_wconf 91' lang='grc'>165.</span> <span class='ocrx_word' id='word_1_182' title='bbox 834 2875 907 2936; x_wconf 90' lang='grc'>471.</span> 
     </span>
    </p>

    <p class='ocr_par' dir='ltr' id='par_1_17' title="bbox 198 2969 1013 3055">
     <span class='ocr_line' id='line_1_26' title="bbox 198 2969 1013 3055; baseline -0.01 -17"><span class='ocrx_word' id='word_1_183' title='bbox 198 2978 248 3049; x_wconf 90' lang='grc'><strong>18)</strong></span> <span class='ocrx_word' id='word_1_184' title='bbox 272 2973 355 3039; x_wconf 89' lang='lat' dir='ltr'><strong>hano</strong></span> <span class='ocrx_word' id='word_1_185' title='bbox 378 2991 449 3038; x_wconf 86' lang='lat' dir='ltr'><strong>esse</strong></span> <span class='ocrx_word' id='word_1_186' title='bbox 471 2979 598 3055; x_wconf 89' lang='lat' dir='ltr'><strong>oaptam</strong></span> <span class='ocrx_word' id='word_1_187' title='bbox 621 2993 661 3038; x_wconf 84' lang='lat' dir='ltr'><strong>ex</strong></span> <span class='ocrx_word' id='word_1_188' title='bbox 684 2970 788 3036; x_wconf 83' lang='lat' dir='ltr'><strong>Caria.</strong></span> <span class='ocrx_word' id='word_1_189' title='bbox 821 2969 918 3039; x_wconf 83' lang='lat' dir='ltr'><strong>Haut.</strong></span> <span class='ocrx_word' id='word_1_190' title='bbox 943 2972 1013 3035; x_wconf 91' lang='grc'>608.</span> 
     </span>
    </p>

    <p class='ocr_par' dir='ltr' id='par_1_18' title="bbox 198 3068 889 3153">
     <span class='ocr_line' id='line_1_27' title="bbox 198 3068 889 3153; baseline -0.013 -17"><span class='ocrx_word' id='word_1_191' title='bbox 198 3074 249 3149; x_wconf 91' lang='grc'><strong>19)</strong></span> <span class='ocrx_word' id='word_1_192' title='bbox 272 3069 325 3153; x_wconf 92' lang='lat' dir='ltr'><strong>qui</strong></span> <span class='ocrx_word' id='word_1_193' title='bbox 349 3091 389 3136; x_wconf 86' lang='lat' dir='ltr'><strong>ex</strong></span> <span class='ocrx_word' id='word_1_194' title='bbox 412 3069 524 3135; x_wconf 88' lang='lat' dir='ltr'><strong>Piraeo</strong></span> <span class='ocrx_word' id='word_1_195' title='bbox 547 3069 673 3136; x_wconf 84' lang='lat' dir='ltr'><strong>abierit.</strong></span> <span class='ocrx_word' id='word_1_196' title='bbox 711 3070 793 3134; x_wconf 81' lang='lat' dir='ltr'><strong>Eun.</strong></span> <span class='ocrx_word' id='word_1_197' title='bbox 818 3068 889 3132; x_wconf 89' lang='grc'>290.</span> 
     </span>
    </p>
   </div>
   <div class='ocr_carea' id='block_1_4' title="bbox 126 3183 1258 3666">
    <p class='ocr_par' dir='ltr' id='par_1_19' title="bbox 127 3183 1255 3464">
     <span class='ocr_line' id='line_1_28' title="bbox 215 3183 1255 3270; baseline -0.004 -16"><span class='ocrx_word' id='word_1_198' title='bbox 215 3189 381 3256; x_wconf 89' lang='lat' dir='ltr'><strong>Piraeeum</strong></span> <span class='ocrx_word' id='word_1_199' title='bbox 399 3207 470 3254; x_wconf 89' lang='lat' dir='ltr'><strong>esse</strong></span> <span class='ocrx_word' id='word_1_200' title='bbox 485 3189 599 3267; x_wconf 89' lang='lat' dir='ltr'><strong>looum,</strong></span> <span class='ocrx_word' id='word_1_201' title='bbox 622 3207 687 3253; x_wconf 90' lang='lat' dir='ltr'><strong>non</strong></span> <span class='ocrx_word' id='word_1_202' title='bbox 703 3185 856 3270; x_wconf 91' lang='lat' dir='ltr'><strong>oppidum</strong></span> <span class='ocrx_word' id='word_1_203' title='bbox 873 3183 982 3252; x_wconf 83' lang='lat' dir='ltr'><strong>Oieero</strong></span> <span class='ocrx_word' id='word_1_204' title='bbox 1002 3183 1255 3267; x_wconf 65' lang='grc'>(5141115101,</span> 
     </span>
     <span class='ocr_line' id='line_1_29' title="bbox 128 3281 1255 3371; baseline -0.005 -17"><span class='ocrx_word' id='word_1_205' title='bbox 128 3293 159 3371; x_wconf 83' lang='lat'><strong>3,</strong></span> <span class='ocrx_word' id='word_1_206' title='bbox 187 3291 237 3364; x_wconf 86' lang='grc'><strong>16)</strong></span> <span class='ocrx_word' id='word_1_207' title='bbox 267 3287 360 3368; x_wconf 79' lang='lat' dir='ltr'><strong>dicit,</strong></span> <span class='ocrx_word' id='word_1_208' title='bbox 398 3293 433 3351; x_wconf 91' lang='lat' dir='ltr'><strong>ut</strong></span> <span class='ocrx_word' id='word_1_209' title='bbox 461 3293 591 3352; x_wconf 84' lang='lat' dir='ltr'><strong>exouset</strong></span> <span class='ocrx_word' id='word_1_210' title='bbox 619 3284 704 3368; x_wconf 87' lang='lat' dir='ltr'><strong>quod</strong></span> <span class='ocrx_word' id='word_1_211' title='bbox 734 3284 804 3367; x_wconf 88' lang='lat' dir='ltr'><strong>ipse</strong></span> <span class='ocrx_word' id='word_1_212' title='bbox 833 3281 914 3347; x_wconf 83' lang='lat' dir='ltr'><strong>dixit</strong></span> <span class='ocrx_word' id='word_1_213' title='bbox 942 3283 996 3360; x_wconf 87' lang='grc'><strong>,15</strong></span> <span class='ocrx_word' id='word_1_214' title='bbox 1024 3281 1157 3348; x_wconf 87' lang='lat' dir='ltr'><strong>Piraeea</strong></span> <span class='ocrx_word' id='word_1_215' title='bbox 1185 3303 1255 3348; x_wconf 86' lang='lat' dir='ltr'><strong>eum</strong></span> 
     </span>
     <span class='ocr_line' id='line_1_30' title="bbox 127 3383 655 3464; baseline -0.015 -11"><span class='ocrx_word' id='word_1_216' title='bbox 127 3385 289 3453; x_wconf 84' lang='lat' dir='ltr'><strong>exissem“</strong></span> <span class='ocrx_word' id='word_1_217' title='bbox 313 3383 368 3462; x_wconf 85' lang='lat' dir='ltr'><strong>(ad</strong></span> <span class='ocrx_word' id='word_1_218' title='bbox 391 3385 456 3448; x_wconf 88' lang='lat' dir='ltr'><strong>Att.</strong></span> <span class='ocrx_word' id='word_1_219' title='bbox 480 3383 534 3464; x_wconf 90' lang='lat' dir='ltr'><strong>VI,</strong></span> <span class='ocrx_word' id='word_1_220' title='bbox 558 3386 588 3463; x_wconf 90' lang='grc'>9,</span> <span class='ocrx_word' id='word_1_221' title='bbox 615 3386 655 3459; x_wconf 89' lang='grc'><strong>1).</strong></span> 
     </span>
    </p>

    <p class='ocr_par' dir='ltr' id='par_1_20' title="bbox 126 3474 1258 3666">
     <span class='ocr_line' id='line_1_31' title="bbox 216 3474 1258 3566; baseline -0.006 -18"><span class='ocrx_word' id='word_1_222' title='bbox 216 3480 352 3548; x_wconf 90' lang='lat' dir='ltr'><strong>Omnino</strong></span> <span class='ocrx_word' id='word_1_223' title='bbox 381 3481 477 3562; x_wconf 86' lang='lat' dir='ltr'><strong>igitur</strong></span> <span class='ocrx_word' id='word_1_224' title='bbox 498 3499 556 3546; x_wconf 88' lang='lat' dir='ltr'><strong>sex</strong></span> <span class='ocrx_word' id='word_1_225' title='bbox 578 3477 713 3543; x_wconf 88' lang='lat' dir='ltr'><strong>ablativi</strong></span> <span class='ocrx_word' id='word_1_226' title='bbox 735 3475 810 3556; x_wconf 86' lang='lat' dir='ltr'><strong>soli,</strong></span> <span class='ocrx_word' id='word_1_227' title='bbox 841 3474 1041 3556; x_wconf 83' lang='lat' dir='ltr'><strong>undeviginti</strong></span> <span class='ocrx_word' id='word_1_228' title='bbox 1064 3494 1135 3566; x_wconf 86' lang='lat' dir='ltr'><strong>¹oum</strong></span> <span class='ocrx_word' id='word_1_229' title='bbox 1165 3496 1258 3559; x_wconf 89' lang='lat' dir='ltr'><strong>prae·</strong></span> 
     </span>
     <span class='ocr_line' id='line_1_32' title="bbox 126 3571 1067 3666; baseline -0.011 -20"><span class='ocrx_word' id='word_1_230' title='bbox 126 3581 289 3666; x_wconf 89' lang='lat' dir='ltr'><strong>positione</strong></span> <span class='ocrx_word' id='word_1_231' title='bbox 310 3578 470 3644; x_wconf 86' lang='lat' dir='ltr'><strong>eoniunoti</strong></span> <span class='ocrx_word' id='word_1_232' title='bbox 491 3576 525 3640; x_wconf 91' lang='lat' dir='ltr'><strong>in</strong></span> <span class='ocrx_word' id='word_1_233' title='bbox 547 3575 652 3660; x_wconf 87' lang='lat' dir='ltr'><strong>prisea</strong></span> <span class='ocrx_word' id='word_1_234' title='bbox 673 3574 832 3639; x_wconf 87' lang='lat' dir='ltr'><strong>latinitate</strong></span> <span class='ocrx_word' id='word_1_235' title='bbox 854 3571 1067 3638; x_wconf 85' lang='lat' dir='ltr'><strong>inveniuntur.</strong></span> 
     </span>
    </p>
   </div>
   <div class='ocr_carea' id='block_1_5' title="bbox 216 3693 666 3764">
    <p class='ocr_par' dir='ltr' id='par_1_21' title="bbox 216 3693 666 3764">
     <span class='ocr_line' id='line_1_33' title="bbox 216 3693 666 3764; baseline -0.009 -2"><span class='ocrx_word' id='word_1_236' title='bbox 216 3699 258 3762; x_wconf 93' lang='grc' dir='ltr'>ΙΙ.</span> <span class='ocrx_word' id='word_1_237' title='bbox 303 3697 468 3764; x_wconf 91' lang='lat' dir='ltr'><strong>Urbium</strong></span> <span class='ocrx_word' id='word_1_238' title='bbox 491 3693 666 3760; x_wconf 60' lang='lat' dir='ltr'><strong>nomina:</strong></span> 
     </span>
    </p>
   </div>
   <div class='ocr_carea' id='block_1_6' title="bbox 215 3811 963 3989">
    <p class='ocr_par' dir='ltr' id='par_1_22' title="bbox 215 3811 963 3989">
     <span class='ocr_line' id='line_1_34' title="bbox 219 3811 788 3897; baseline -0.005 -19"><span class='ocrx_word' id='word_1_239' title='bbox 219 3820 246 3894; x_wconf 91' lang='grc'><strong>1)</strong></span> <span class='ocrx_word' id='word_1_240' title='bbox 269 3814 400 3880; x_wconf 85' lang='lat' dir='ltr'><strong>Hinnad</strong></span> <span class='ocrx_word' id='word_1_241' title='bbox 423 3814 516 3897; x_wconf 88' lang='lat' dir='ltr'><strong>oepit.</strong></span> <span class='ocrx_word' id='word_1_242' title='bbox 551 3811 584 3877; x_wconf 88' lang='grc'><strong>0.</strong></span> <span class='ocrx_word' id='word_1_243' title='bbox 608 3813 633 3876; x_wconf 93' lang='grc' dir='ltr'>Ι.</span> <span class='ocrx_word' id='word_1_244' title='bbox 656 3811 693 3877; x_wconf 89' lang='lat' dir='ltr'><strong>L.</strong></span> <span class='ocrx_word' id='word_1_245' title='bbox 717 3814 788 3876; x_wconf 81' lang='lat'><strong>530.</strong></span> 
     </span>
     <span class='ocr_line' id='line_1_35' title="bbox 215 3909 963 3989; baseline -0.011 -13"><span class='ocrx_word' id='word_1_246' title='bbox 215 3916 247 3989; x_wconf 88' lang='grc'>2)</span> <span class='ocrx_word' id='word_1_247' title='bbox 269 3912 369 3977; x_wconf 88' lang='grc' dir='ltr'>Ρ5551</span> <span class='ocrx_word' id='word_1_248' title='bbox 393 3912 491 3976; x_wconf 85' lang='lat' dir='ltr'><strong>Sarra</strong></span> <span class='ocrx_word' id='word_1_249' title='bbox 513 3909 648 3976; x_wconf 88' lang='lat' dir='ltr'><strong>oriundi.</strong></span> <span class='ocrx_word' id='word_1_250' title='bbox 687 3910 770 3974; x_wconf 85' lang='lat' dir='ltr'><strong>Eun.</strong></span> <span class='ocrx_word' id='word_1_251' title='bbox 793 3928 868 3972; x_wconf 87' lang='lat' dir='ltr'><strong>ann.</strong></span> <span class='ocrx_word' id='word_1_252' title='bbox 892 3909 963 3978; x_wconf 81' lang='lat'><strong>330.</strong></span> 
     </span>
    </p>
   </div>
   <div class='ocr_carea' id='block_1_7' title="bbox 181 4006 1051 4156">
    <p class='ocr_par' dir='ltr' id='par_1_23' title="bbox 181 4006 1051 4156">
     <span class='ocr_line' id='line_1_36' title="bbox 217 4006 915 4090; baseline -0.011 -17"><span class='ocrx_word' id='word_1_253' title='bbox 217 4013 247 4086; x_wconf 89' lang='grc'><strong>3)</strong></span> <span class='ocrx_word' id='word_1_254' title='bbox 270 4009 407 4074; x_wconf 87' lang='lat' dir='ltr'><strong>reditum</strong></span> <span class='ocrx_word' id='word_1_255' title='bbox 430 4014 480 4074; x_wconf 89' lang='lat' dir='ltr'><strong>est</strong></span> <span class='ocrx_word' id='word_1_256' title='bbox 503 4009 667 4090; x_wconf 83' lang='lat' dir='ltr'><strong>Pergamo.</strong></span> <span class='ocrx_word' id='word_1_257' title='bbox 705 4007 821 4086; x_wconf 76' lang='lat' dir='ltr'><strong>Parrus.</strong></span> <span class='ocrx_word' id='word_1_258' title='bbox 847 4006 915 4068; x_wconf 92' lang='grc'>167.</span> 
     </span>
     <span class='ocr_line' id='line_1_37' title="bbox 181 4105 1051 4156; baseline -0.009 -5"><span class='ocrx_word' id='word_1_259' title='bbox 181 4109 284 4151; x_wconf 75' lang='lat' dir='ltr'><strong>Casurus</strong></span> <span class='ocrx_word' id='word_1_260' title='bbox 297 4123 318 4152; x_wconf 88' lang='lat' dir='ltr'><strong>u.</strong></span> <span class='ocrx_word' id='word_1_261' title='bbox 333 4109 457 4156; x_wconf 74' lang='lat' dir='ltr'><strong>Bouousu,</strong></span> <span class='ocrx_word' id='word_1_262' title='bbox 476 4107 569 4150; x_wconf 79' lang='lat' dir='ltr'><strong>Studien</strong></span> <span class='ocrx_word' id='word_1_263' title='bbox 583 4107 607 4147; x_wconf 85' lang='lat' dir='ltr'><strong>ll.</strong></span> <span class='ocrx_word' id='word_1_264' title='bbox 1018 4105 1051 4156; x_wconf 75' lang='lat'><strong>26</strong></span> 
     </span>
    </p>
   </div>
   <div class='ocr_carea' id='block_1_8' title="bbox 0 0 1514 4864">
    <p class='ocr_par' dir='ltr' id='par_1_24' title="bbox 0 0 1514 4864">
     <span class='ocr_line' id='line_1_38' title="bbox 0 0 1514 4864; baseline 0 0"><span class='ocrx_word' id='word_1_265' title='bbox 0 0 1514 4864; x_wconf 95' lang='lat' dir='ltr'><strong> </strong></span> 
     </span>
    </p>
   </div>
  </div>
 </body>
</html>
