2986 4864
231 410 294 474 3⁸10
745 405 838 476 Spiess

232 573 1360 672 plenioreinstructaauntdtuvdrcuuuir.26,doscvpdoeooc
1472 615 1473 638 ι

231 684 269 750 ir.
292 686 342 746 24.
813 677 816 684 ’

319 780 357 844 In
379 776 537 844 infinitivo
567 773 746 860 praesentio
776 792 815 840 ea
837 771 919 838 ratio
949 771 1039 836 valet
1065 770 1153 853 apud
1177 771 1359 852 Dorienses,

234 888 270 946 ut
290 874 473 946 terminatio
496 897 575 954 -μεν
598 873 639 938 sit
660 872 829 937 verborum
850 871 886 934 in
901 893 967 950 -μι,
989 891 1043 932 -εν
1065 868 1238 934 verborum
1260 868 1294 933 in
1308 893 1359 934 -u.
1459 917 1462 924 .

234 976 366 1058 Legitur
388 968 410 1058 ἤ
417 995 493 1056 μεν
517 989 591 1053 pap.
615 972 644 1036 2.
670 973 718 1049 11,
743 987 826 1050 quae
848 967 950 1033 forma
972 967 1069 1032 etiam
1091 967 1126 1031 in
1149 967 1243 1032 titulo
1266 967 1361 1032 Laoc·

235 1075 307 1140 nico
322 1072 357 1137 in
372 1068 530 1136 Monatsb.
548 1068 579 1136 d.
595 1067 679 1133 Berl.
696 1065 796 1132 Acad.
823 1067 904 1138 18570
927 1063 1013 1131 edito
1037 1064 1244 1148 conspicitur.
1289 1066 1362 1129 Ter·

236 1169 370 1236 minatio
393 1189 508 1248 -μεναι
538 1165 572 1228 in
600 1165 688 1247 puris
712 1162 841 1228 Doridis
869 1161 1010 1227 fontibus
1037 1181 1102 1226 non
1125 1161 1279 1244 occurrit3
1308 1163 1362 1226 ita·
1474 1169 1475 1196 i

186 1261 191 1268 ’
237 1287 299 1351 que
328 1266 451 1350 epicum
481 1261 664 1328 habendum
694 1268 756 1342 est,
791 1258 876 1343 quod
904 1258 991 1342 apud
1020 1260 1209 1326 Alcmanem
1243 1259 1362 1324 1ι.100

237 1369 339 1441 extat,
364 1360 552 1442 ἔδμεναι.
574 1395 616 1404 -
639 1359 872 1441 Frequentatur
888 1357 1002 1422 tertiae
1023 1376 1183 1439 personae
1201 1356 1285 1439 sing.
1303 1364 1386 1450 opt.¹
1475 1334 1476 1428 i

236 1458 412 1542 conprimi
435 1458 562 1524 brevior
581 1455 685 1522 forma
700 1455 734 1520 in
755 1478 809 1519 -αι
830 1454 865 1518 in
887 1453 1027 1520 lontibus
1045 1455 1186 1520 Derieis:
1208 1453 1362 1538 ποιήσαι,

238 1555 457 1638 ἀποστείλω,
473 1554 660 1639 pleniorem,
674 1571 756 1636 quae
769 1552 901 1618 Aeolica
911 1559 1051 1635 vocatur,
1063 1551 1096 1616 in
1109 1552 1294 1636 Lysistrata
1310 1554 1361 1614 171

238 1654 375 1738 legimus
397 1656 560 1717 πείσειεν.
601 1649 700 1734 'Apud
723 1650 927 1714 Alcmanem:
952 1647 1153 1714 στάσειεν
1177 1668 1253 1732 pap.
1271 1652 1301 1714 2.
1321 1651 1363 1712 12.
1476 1606 1477 1690 i

317 1751 420 1816 Voces
429 1747 602 1814 -anomalas
614 1747 701 1830 apud
716 1752 857 1812 nostrum
875 1753 1003 1829 poetam
1019 1747 1078 1814 has
1094 1747 1239 1812 invenis:
1259 1743 1365 1829 ὅρνις

236 1851 273 1917 ir.
297 1852 354 1930 26,
384 1843 589 1930 ὅρνεις1ε.
615 1849 669 1925 18,
701 1841 881 1929 ὀρνίχων
905 1844 941 1908 ir.
966 1847 1015 1908 67.
1058 1845 1107 1909 De
1131 1844 1251 1910 Dorica
1274 1845 1366 1927 hujus
1477 1876 1478 1894 ν

238 1947 326 2012 vocis
348 1942 565 2010 declinatione
587 1941 742 2020 conferas,
766 1961 848 2024 quae
863 1943 1049 2008 Athenaeus
1070 1942 1118 2006 IX
1137 1941 1230 2006 374d
1253 1941 1364 2007 tradit:

241 2044 274 2109 οἱ
297 2049 442 2127 Δωριεῖς
464 2038 618 2121 λέγοντες
647 2035 741 2123 ὄρνιξ
768 2037 828 2125 τὴν
858 2037 993 2124 γενικὴν
1018 2036 1074 2104 διὰ
1096 2045 1156 2102 τοῦ
1175 2063 1197 2120 χ
1220 2037 1366 2122 λέγουσι.

237 2134 385 2222 Ἀλκμὰν
417 2135 453 2202 δὲ
486 2134 542 2200 διὰ
564 2143 624 2200 τοῦ
648 2158 669 2200 o
691 2136 750 2222 τὴν
774 2133 914 2202 εὐθεῖαν
941 2133 1098 2222 ἐκφέρει·
1130 2129 1367 2220 ἁλιπόρφυρος

240 2235 356 2320 ε’ίαρος
386 2229 489 2316 ὅρνις.
534 2232 681 2298 Dubitari
710 2239 830 2317 potest,
860 2255 936 2299 num
960 2230 1052 2316 ὅρνις
1075 2253 1095 2298 a
1116 2234 1282 2298 Laconica
1304 2234 1366 2300 dia·
1478 2235 1479 2240 ’

240 2335 323 2400 lecto
346 2329 597 2413 abjudicandum
619 2330 675 2413 sit3
698 2331 803 2406 minus
826 2331 966 2398 dubitari
989 2330 1091 2413 possit
1113 2329 1154 2395 de
1176 2351 1262 2396 nom.
1288 2334 1367 2414 plur.

239 2427 361 2516 ὄρνεις.
395 2464 435 2474 -
470 2425 589 2512 δουρὶ
612 2428 649 2492 fr.
673 2430 731 2509 68,
761 2426 943 2511 γούνατα
966 2427 1001 2492 fr.
1026 2431 1082 2511 30,
1112 2428 1197 2511 quod
1220 2428 1366 2494 nonnulli
1479 2497 1480 2502 1

241 2526 441 2594 Callimacho
463 2526 639 2604 vindicant,
663 2530 792 2609 propter
813 2525 1046 2608 diphthongum
1062 2525 1280 2591 adulterinam
1305 2526 1367 2608 qui·

241 2624 371 2692 demin
393 2623 585 2690 severiorem
610 2622 762 2688 Doridem
785 2630 933 2705 peccant,
963 2623 1022 2690 sed
1044 2624 1148 2708 ipsam
1170 2643 1287 2689 vocum
1312 2625 1368 2689 ior-

216 2722 414 2794 ,mationem
448 2720 604 2805 exemplis
637 2718 858 2786 deficientibus
890 2741 911 2786 a
938 2721 1099 2788 Laconica
1131 2720 1273 2788 dialecto
1307 2742 1368 2788 non

241 2839 410 2904 possumus
433 2818 628 2901 abjudicare.

329 2915 425 2982 Verbi
441 2914 633 2981 substantivi
649 2914 708 2978 has
724 2913 825 2980 habes
842 2914 976 2981 formas:
1000 2915 1172 2982 secundam
1196 2935 1368 2998 personam

242 3013 324 3095 sing.
339 3031 444 3095 praes.
461 3012 592 3094 requirit
608 3012 716 3094 Bergk
731 3011 768 3076 ir.
781 3015 839 3076 25:
864 3008 924 3077 οὐκ
947 3007 986 3077 εἷ
993 3036 1010 3089 ς
1032 3009 1127 3098 ἀνὴρ,
1150 3033 1221 3078 cum
1238 3013 1368 3082 Schnei-

241 3109 349 3176 dewin
371 3108 413 3174 ab
429 3108 586 3175 Ahrcnsio
609 3108 759 3206 laudatus
782 3111 910 3176 tertiam
932 3111 1013 3192 sing.
1037 3119 1137 3194 praet
1155 3101 1177 3197 ἦ
1184 3135 1201 3188 ς
1224 3112 1369 3196 intellegi

240 3205 343 3272 velit:
374 3205 443 3272 cod.
467 3204 639 3290 Chrysippi
663 3205 718 3291 ἦς,
749 3207 860 3290 Steph.
884 3209 959 3292 Byz.
985 3203 1044 3284 εἷς.
1089 3209 1241 3274 Doricum
1274 3210 1370 3276 luissc

241 3302 369 3369 videtur
397 3300 475 3369 ἐσσί
504 3303 591 3380 (Ahr.
622 3303 652 3369 d.
682 3302 713 3369 d.
740 3304 780 3368 D.
805 3308 894 3384 318),
927 3299 977 3382 εἷς
1007 3325 1048 3372 ne
1077 3307 1164 3390 apud
1195 3306 1368 3373 Homerum

241 3400 369 3484 quidem
393 3405 513 3467 certum
536 3405 593 3468 est.
617 3437 658 3448 -
682 3401 731 3466 De
754 3401 869 3485 3sing.
886 3410 987 3487 praet.
1004 3391 1049 3488 ἧς
1071 3403 1158 3487 apud
1181 3403 1368 3472 Alcmanem

113 3511 117 3517 ’
242 3505 373 3566 extante
395 3504 531 3565 testatur
554 3497 742 3565 Dustathius
764 3498 801 3564 ir.
828 3502 897 3581 138,
927 3500 1045 3582 legitur
1076 3507 1246 3584 practerea
1269 3491 1367 3588 ἧσκε

240 3595 277 3660 ir.
296 3600 346 3662 72.
381 3594 563 3662 Infinitivue
586 3591 608 3680 ἤ
615 3619 689 3677 μεν
711 3599 832 3678 pap.2.
851 3602 900 3679 11,
924 3598 1126 3681 participium
1148 3596 1369 3683 παρέντων

241 3692 292 3770 (ci.
316 3691 418 3771 ἔννες,
442 3691 581 3758 dracoue
602 3693 668 3758 tab.
684 3693 823 3768 Heracl.)
846 3694 883 3759 ir.
900 3698 940 3759 64
959 3693 1028 3777 jam
1044 3714 1142 3778 supra
1164 3695 1370 3770 allatasunt.

296 3851 298 3856 .
327 3791 526 3856 Terminatio
548 3813 621 3876 -φι,
651 3790 801 3874 inspico
828 3790 941 3874 lingua
962 3791 1173 3874 frequentata,
1202 3812 1271 3858 non
1300 3812 1369 3858 con·

241 3886 373 3968 spicitur
394 3888 427 3952 in
449 3887 587 3954 Doricae
609 3885 739 3954 dialecti
761 3887 911 3954 lontibus.
955 3889 1051 3972 Apud
1072 3895 1217 3955 nostrum
1239 3895 1367 3973 poetam

242 3999 313 4047 eam
335 3983 510 4065 reperimus
526 3976 741 4072 ὥρανίαφι
757 3985 793 4050 ir.
811 3987 851 4050 59
875 3992 906 4054 et
921 3987 1006 4068 quod
1029 3987 1169 4054 maxime
1191 3993 1368 4054 memoratu
