2968 4866
437 433 990 504 wmwfflmmm
1214 436 1324 498 Μ’

149 603 221 672 simi
245 611 335 685 sunt,
365 604 479 686 quibus
502 603 660 670 credatur.
704 605 903 689 Quamquam
934 627 976 676 ne
1003 608 1046 674 ab
1074 610 1125 677 his
1147 611 1276 694 quidem

151 702 401 785 unumquodque
430 703 546 769 erroris
574 721 674 785 genus
704 701 845 770 alienum
868 715 926 772 est.
971 706 1054 772 Nam
1078 727 1149 772 cum
1178 708 1276 793 longe

149 801 309 866 maximus
331 800 573 884 inscriptionum
593 798 879 868 aeolodoricarum
895 823 1045 870 numerus
1060 822 1101 870 ex
1115 823 1155 872 ea
1169 813 1277 873 aetate

150 898 245 963 nobis
278 897 414 964 traditus
441 898 497 977 sit,
532 917 595 980 qua
623 898 868 966 Atheniensium
897 901 1011 968 civitas
1039 908 1071 966 et
1098 902 1276 970 litterarum

150 994 266 1062 studiis
289 1002 321 1061 et
343 1001 509 1078 poctarum
531 994 628 1062 laude
656 1004 783 1080 praetor
804 999 945 1081 reliquas
972 999 1122 1082 florebat,
1152 1007 1277 1068 mature

150 1113 210 1160 nos
231 1094 264 1157 in
288 1111 398 1158 earum
420 1111 568 1159 sermone
595 1092 738 1160 incidero
760 1095 793 1160 in
816 1096 1027 1162 Atticismi
1056 1099 1193 1182 vestigia
1221 1100 1276 1164 vix

59 1205 62 1214 ’
150 1192 319 1273 quisquam
349 1191 531 1272 mirabitur3
566 1209 669 1274 neque
699 1192 784 1258 onim
814 1213 876 1258 uno
908 1202 1050 1278 tempore
1080 1215 1184 1278 neque
1212 1216 1276 1262 uno

150 1282 1276 1375 mmmmfflffimmfflmfflfflmffi

151 1387 182 1450 Il
207 1389 298 1467 739),
327 1385 474 1452 dialectis
495 1386 575 1470 ipsis
605 1389 637 1452 in
667 1388 773 1470 plebis
795 1407 849 1453 ore
870 1388 984 1456 florere
1013 1391 1220 1476 pergentibus
1241 1393 1276 1458 in

149 1484 282 1568 publica
308 1481 436 1567 irrepsit
458 1492 673 1550 monumenta.
719 1486 786 1550 lam
809 1507 886 1552 vero
909 1486 1069 1571 duplicem
1091 1488 1124 1552 in
1147 1490 1276 1555 modum

150 1581 292 1647 Atthidis
315 1580 378 1646 vim
403 1583 675 1650 etauctoritatem
699 1584 731 1649 in
758 1584 922 1649 titulorum
945 1603 1092 1651 sermone
1114 1585 1276 1653 valentem

149 1679 363 1762 agnoscimus.

236 1778 376 1842 Primum
407 1777 491 1842 enim
521 1777 679 1860 quaedam
709 1781 807 1842 attico
839 1779 979 1844 sermoni
1010 1778 1139 1863 propria
1168 1780 1214 1845 ita
1243 1781 1276 1845 in

146 1875 236 1959 ipsas
266 1875 420 1942 dialectos
447 1882 577 1958 recepta
604 1882 693 1958 sunt,
723 1882 757 1939 ut
784 1894 867 1957 qnae
895 1875 937 1940 ab
968 1875 1060 1941 initio
1088 1876 1154 1941 illis
1183 1884 1277 1948 erant

148 1973 326 2056 peculiaria
342 1973 509 2057 paullatim
525 1973 559 2036 in
578 1971 773 2037 oblivionem
792 1970 1035 2039 abducerentur,
1064 1972 1150 2038 lllud
1166 1974 1276 2055 quanti

147 2069 310 2137 interdum
327 2070 370 2135 ad
385 2071 531 2136 vocalem
544 2095 564 2155 η
578 2068 778 2135 efficiendam
793 2069 946 2135 momenti
961 2069 1063 2151 luerit,
1081 2071 1114 2135 in
1130 2090 1279 2138 numera-

148 2168 233 2234 libus
254 2170 287 2247 (§
310 2171 341 2242 9)
364 2167 580 2250 cognovimus.
1169 2157 1191 2196 '

237 2263 363 2332 Deinde
390 2266 451 2330 hoc
478 2263 666 2347 saepissime
689 2264 821 2346 accidit,
852 2272 885 2330 ιι1
915 2266 1076 2330 titulorum
1106 2264 1277 2347 scriptores

148 2364 237 2430 attici
260 2363 415 2428 sermonis
437 2362 531 2444 periti
552 2362 621 2428 eive
642 2363 838 2428 accuratiore
861 2363 1009 2446 propriae
1025 2362 1155 2428 dialecti
1171 2363 1277 2446 cogni·

148 2462 236 2527 tione
267 2459 410 2525 destituti
437 2459 505 2524 sive
533 2458 741 2541 neglegentia
769 2459 908 2540 quadam
938 2459 1037 2524 animi
1067 2458 1211 2542 perducti
1234 2458 1277 2524 ad

147 2560 263 2625 atticas
285 2557 403 2623 formas
425 2557 477 2622 vel
500 2555 592 2620 inviti
615 2556 849 2621 delaberentur.
894 2557 1089 2638 Magnopere
1112 2556 1197 2622 enim
1219 2557 1279 2620 ali·

149 2657 220 2739 quis
243 2656 407 2734 erraverit,
430 2655 457 2720 si
480 2656 660 2735 ubicunque
682 2653 779 2717 attica
801 2653 917 2734 legitur
933 2653 1044 2731 torma,
1067 2653 1101 2717 in
1122 2652 1195 2735 ipsa
1211 2651 1278 2717 dia·

149 2755 232 2822 lecto
269 2773 342 2818 eam
378 2753 519 2817 valuisse
559 2750 757 2816 iudicaverit.
815 2750 885 2816 Hoc
918 2769 993 2816 vero
1028 2749 1142 2815 erroris
1174 2761 1299 2832 genus·

148 2851 290 2918 maxime
316 2851 350 2915 in
379 2854 490 2915 nostra
512 2847 729 2932 disputatione
754 2847 990 2930 respiciendum
1013 2866 1084 2913 csse
1106 2865 1200 2912 nomo
1224 2865 1277 2912 ne·

148 2951 249 3034 gabit.
294 2949 390 3014 Velut
411 2946 496 3030 quod
519 2954 631 3012 contra
653 2945 822 3011 universae
845 2944 974 3011 Doridis
1003 2943 1220 3012 testimonium
1243 2943 1277 3008 in

148 3048 215 3113 tab.
239 3045 315 3113 and.
339 3049 358 3109 6
386 3039 493 3130 ἡμέρα
522 3063 578 3126 pro
602 3039 710 3127 ἁμέρα
732 3046 842 3125 172,
870 3047 926 3106 111
957 3043 1084 3125 legitur,
1115 3042 1175 3107 hoc
1203 3043 1278 3108 scri·

148 3146 250 3229 pteris
272 3140 498 3226 neglegentiae
520 3142 659 3206 tribuere
680 3139 751 3222 quis
779 3148 829 3207 est
856 3140 909 3222 qui
932 3139 1080 3205 dubitet?
1122 3138 1212 3206 Idem
1237 3138 1277 3208 de

148 3261 244 3309 mess.
267 3239 342 3305 and.
369 3244 425 3304 101
453 3236 624 3324 δημόσιαι
642 3236 763 3319 δᾶμος,
787 3238 873 3305 idem
890 3237 931 3304 do
946 3245 1021 3304 oret.
1046 3234 1144 3322 lpp'rc
1168 3237 1278 3320 (Berg

148 3360 248 3405 mann
274 3341 355 3404 1860
377 3357 407 3400 v.
431 3339 460 3401 9.
485 3339 537 3411 68)
560 3355 617 3419 pro
642 3333 757 3418 εἰράνα
779 3336 875 3401 valet.

236 3435 413 3500 Ahrcnsius
435 3432 563 3516 quidem
591 3433 731 3509 (11127)
760 3452 802 3497 ne
830 3431 956 3497 tertium
973 3429 1107 3510 ,quidem
1138 3449 1275 3496 errorem

149 3555 170 3600 a
192 3533 294 3598 titulis
317 3532 458 3597 alienum
482 3530 579 3596 inisse
602 3530 782 3595 existumat.
827 3527 912 3592 Dicit
933 3527 1037 3590 enim:
1061 3525 1115 3603 „in
1139 3525 1276 3592 eundem

149 3649 290 3698 errorem
319 3629 367 3707 [cl.
396 3626 606 3711 „saepissime
629 3628 745 3692 iactum
768 3631 831 3705 est,
861 3631 895 3687 ut
923 3622 1120 3688 accuratiore
1147 3623 1277 3694 Doridis

149 3727 333 3812 cognitione
356 3725 497 3792 destituti
520 3725 719 3790 notissimam
741 3724 833 3789 istem
857 3719 1065 3785 mutationem
1089 3725 1169 3805 ἀτη
1193 3719 1278 3785 ultra

149 3827 291 3909 ipsorum
317 3822 518 3888 Doriensium
549 3820 812 3888 consuetudinem
834 3819 1057 3900 usurparent“]
1088 3815 1175 3881 haud
1206 3835 1278 3882 raro

62 3926 68 3940 '
148 3923 212 4006 ipsi
249 3928 366 4004 poetae
401 3927 433 3985 ot
466 3920 636 4004 scriptores
668 3916 866 3996 inciderunt,
903 3915 956 3996 qui
993 3921 1067 3998 post
1100 3914 1278 3979 Alexandri
1350 3933 1354 3948 ⁴

149 4026 291 4086 11111111
316 4018 464 4083 Doricam
488 4015 659 4082 dialectum
682 4021 751 4081 arte
773 4011 889 4078 imitati
912 4016 997 4078 sunt.
1044 4010 1141 4078 Unde
1161 4011 1278 4078 lactum
1352 4081 1355 4088 Δ
