2916 4872
507 344 629 400 Scbedce
644 346 845 414 grammaticae.
1180 347 1239 409 103

195 519 227 592 3)
249 521 395 601 aspri
416 523 466 584 est
487 519 678 603 pamphylia
698 518 809 584 sonna.
854 520 1021 586 Invenitur
1042 540 1082 589 ea
1102 522 1136 586 in
1158 541 1242 588 oom-

109 613 215 695 posito
239 611 454 697 περτ-έδωκε
478 615 581 688 (Stud.
598 616 656 697 IX,
674 619 726 693 94)
749 623 780 682 ct
796 618 970 700 separatim
985 619 1019 684 in
1040 621 1151 702 glossa
1171 617 1239 704 πέρ

110 728 166 775 σε·
195 708 288 796 πρός
318 734 373 791 σε,
403 732 499 795 qoem
521 713 764 796 Siegismundus
793 721 879 781 recte
907 715 969 781 buc
995 707 1093 782 trabit
1116 720 1239 802 (nepte)

109 809 154 872 uti
177 805 271 894 ὕδωρ
296 830 337 875 ex
358 805 472 894 ῧόαρτ,
496 811 584 890 alia).

195 911 229 981 4)
268 906 419 989 Vulgaris
447 907 555 993 πρός
577 909 679 974 forma
703 933 714 974 ι
736 908 861 976 abieoto
886 909 1048 977 dentalem
1062 927 1183 978 'sonum
1206 912 1239 978 in

111 1005 294 1070 omutavit
316 1003 384 1082 (cir.
407 1011 473 1083 θές
496 1005 555 1083 δός
583 1028 641 1090 pro
664 1011 745 1073 θέτι
768 1004 863 1083 ocur)
891 1008 960 1091 vel,
991 1009 1076 1092 quod
1104 1009 1240 1078 fortasse

109 1102 215 1184 magis
240 1102 442 1186 probandum
465 1111 527 1187 est,
557 1124 598 1169 ex
619 1101 752 1188 *προσι
773 1129 793 1170 τ
814 1111 891 1172 ante
911 1106 978 1172 iota
999 1107 1032 1173 in
1055 1108 1240 1174 sibilantem

109 1207 233 1266 mutato
259 1208 309 1267 ost
330 1207 417 1267 nata.

198 1302 229 1372 5)
261 1304 360 1364 ποτί
382 1319 453 1364 cum
476 1298 563 1384 apud
579 1299 752 1367 Homerum
774 1308 841 1367 tum
863 1301 897 1366 in
912 1302 1116 1368 Doriensium
1139 1303 1240 1369 titulis

108 1396 283 1462 invenitur.
314 1397 419 1479 Atque
434 1397 531 1462 stiam
547 1397 662 1464 atticus
680 1399 792 1465 titulus
814 1404 896 1464 ποτέ
918 1399 1058 1483 exhibet,
1082 1403 1144 1466 466
1161 1399 1196 1466 O.
1212 1401 1239 1466 Ι.

107 1498 192 1560 Art:
216 1491 427 1575 »Ἀντιλόχου
443 1496 524 1560 ποτὶ
541 1487 623 1582 σῆμ’
642 1489 778 1580 ἀγαθοῦ
799 1498 857 1562 καὶ
880 1495 1060 1584 σώφρονος
1083 1493 1238 1581 ἆνδρός“,

108 1611 173 1674 qua
196 1591 229 1657 in
253 1591 356 1656 forma
370 1616 389 1655 τ
403 1598 480 1659 ante
496 1617 509 1657 ι
523 1613 598 1674 non,
622 1598 657 1657 ut
680 1594 762 1660 solet
784 1593 871 1676 apud
894 1594 1026 1677 Atticos,
1050 1595 1084 1660 in
1100 1617 1121 1660 σ
1139 1603 1240 1660 muta-

108 1697 176 1754 tum
201 1698 265 1770 cst;
296 1690 351 1754 cir.
375 1688 442 1770 ἔτι,
473 1687 576 1776 φάτις
598 1687 672 1756 alia.
716 1695 768 1757 An
790 1690 897 1758 dicere
925 1693 1001 1758 licct
1022 1692 1152 1758 Homeri
1175 1711 1239 1758 sor·

107 1807 239 1852 monem
261 1786 417 1852 imitando
440 1807 511 1854 csso
534 1787 744 1872 expressum?
1097 1796 1098 1800 ’

197 1889 229 1959 6)
261 1886 331 1950 Iota
345 1887 471 1952 abiccto
494 1883 574 1950 πότ
596 1885 780 1968 frequenter
794 1891 964 1969 usurpatur
983 1894 1059 1951 ante
1080 1887 1239 1953 vocabula

108 2004 129 2048 a
152 1982 277 2048 dentali
299 1983 453 2049 insontia.
490 1982 627 2067 Saepius
642 1980 686 2064 fit,
708 1990 743 2048 ut
764 2003 831 2048 una
852 1983 992 2049 dentalis
1015 1983 1237 2050 tantummodo

107 2100 167 2164 pro
191 2080 311 2164 duplici
334 2082 500 2147 scribatur.
537 2079 589 2145 Ita

198 2181 228 2252 7)
263 2176 316 2242 τό
340 2179 532 2262 conspicitur
555 2178 588 2240 in
609 2177 727 2260 glossis
750 2177 980 2262 Hesychianis:

196 2291 297 2353 nori·
320 2287 408 2372 πρὸς
430 2292 473 2353 τί.
506 2289 653 2354 Musurus
676 2286 796 2353 delevit
810 2292 853 2353 τί.
891 2289 934 2354 At
948 2295 1034 2354 cerie
1049 2284 1130 2354 nihil
1145 2289 1240 2354 corri-

108 2384 271 2469 gendum,
305 2385 440 2452 fortasse
471 2383 518 2449 nb
552 2389 587 2448 τί
618 2393 752 2450 accentu
784 2384 909 2451 adiecto
943 2386 1145 2452 scribendum
1180 2394 1238 2454 est.

110 2483 290 2550 Schmidtio
313 2484 423 2564 glossa
445 2483 514 2550 sine
536 2483 620 2547 iusta
642 2503 741 2548 causa
761 2482 908 2565 laconica
931 2503 1003 2550 esse
1023 2482 1159 2550 vidctur.

197 2599 357 2668 ττό-δικε·
380 2600 576 2685 πρόςριψον
599 2601 688 2678 (Aur.
705 2601 747 2683 ΙΙ,
765 2603 839 2677 356)
863 2601 918 2666 cfr.
933 2622 986 2684 ap.
1002 2602 1141 2685 Hesych.
1179 2599 1238 2667 ἄν·
1260 2619 1272 2635 ·

111 2700 196 2779 drus,
221 2698 362 2765 ’ἐκ-δικε.
607 2741 609 2745 ,

111 2804 300 2886 Sexcentics
322 2817 439 2897 ποτὸν,
468 2814 577 2881 noodr
607 2815 752 2894 (tortasse
776 2814 824 2879 πὸ
847 2813 916 2895 τὸν,
946 2813 993 2879 πὸ
1013 2813 1087 2892 τὰν)
1116 2817 1238 2899 reperis

110 2917 144 2982 in
166 2915 429 2998 inscriptionibus
452 2914 602 3004 laconicis
628 2917 721 2988 (1511
746 2933 794 2978 vs.
818 2917 836 2979 3
866 2933 918 2995 ap.
942 2913 1010 2995 B.)‚
1040 2914 1238 2982 locrensibus

112 3015 215 3091 (Stod.
239 3015 272 3078 II
295 3035 326 3097 p.
349 3018 422 3093 445,
445 3012 541 3077 inscr.
565 3011 670 3093 Naup.
693 3031 740 3076 vs.
764 3015 828 3094 33),
851 3011 935 3078 aliis.

198 3116 229 3190 8)
267 3108 346 3186 πός
372 3131 429 3193 pro
451 3106 540 3192 πρός
563 3107 706 3174 Arcades
728 3115 760 3174 ct
782 3108 902 3194 Cyprii,
925 3128 1058 3191 quorum
1081 3109 1237 3174 dialectos

111 3210 192 3275 mira
214 3207 355 3292 quadam
377 3207 568 3289 cognatione
583 3206 667 3271 inter
681 3224 717 3271 sc
731 3225 802 3272 esse
816 3205 1001 3272 coniunctas
1020 3206 1105 3272 iutcr
1126 3226 1238 3273 omnes
1254 3207 1256 3212 ’

111 3313 247 3374 constat.
291 3304 382 3384 Quae
411 3304 539 3394 quidem
569 3303 672 3369 iorma
701 3322 771 3369 oum
797 3304 900 3370 rarius
921 3303 1120 3386 inveniatur,
1148 3305 1237 3371 locos

113 3424 233 3485 omnes,
255 3403 291 3468 in
313 3401 427 3486 quibus
449 3401 574 3484 legitur,
597 3401 778 3467 afferamus.
822 3403 957 3486 cheris
978 3401 1012 3465 in

197 3524 328 3605 Tegeae
348 3519 564 3602 inscriptionis

114 3661 159 3708 vs.
183 3645 213 3706 9.
259 3637 292 3704 oi
315 3639 351 3705 δὲ
376 3639 557 3722 στρατανοὶ
580 3636 739 3719 ττόσοδομ
760 3632 910 3702 ντοέντω.

115 3758 160 3806 vs.
184 3742 235 3804 38.
280 3734 311 3801 si
338 3733 373 3800 δ’
405 3732 445 3802 ἄν
474 3759 526 3812 τις
556 3733 750 3822 ἒργωνήσας
778 3733 875 3819 ἔργον
903 3757 936 3797 τι
964 3729 1234 3822 ποσκατυβλάψη

198 3860 231 3900 τι
253 3831 334 3899 <illo
362 3841 430 3900 τῶν
458 3829 675 3916 ὑπαρχόντων
703 3830 808 3915 ’ἔργων
832 3829 900 3896 εἴτε
925 3829 1015 3917 ἱερὸν
1039 3828 1107 3898 εἴτε
1131 3830 1237 3914 δαμό-

200 3955 274 3997 σιον
298 3931 365 3999 εἴτε
387 3931 477 3998 ἴδιον
501 3929 571 4013 πὰρ
593 3929 653 3995 τὰν
677 3928 870 4015 σύννραφον
885 3933 946 4005 τᾶς
969 3925 1125 4009 dodonae,
1149 3926 1236 3996 ἀπυ-
