2916 4872
237 423 277 486 80
650 499 654 512 x
674 449 678 460 ·
735 431 868 486 Banneck

322 605 353 677 2)
384 598 582 677 δοῦακες·
614 596 825 682 θαμάλοιντες
854 623 894 670 ex
922 601 1112 682 *δαν-ακες
1141 606 1262 673 fastum
1291 629 1354 676 esse

151 765 155 772 Δ
236 699 395 766 contendo
429 706 526 782 atque
559 695 708 784 φά-ηκις
739 703 810 785 (pro
840 699 1066 790 *φάν-ηκις)
1101 699 1281 789 ὀφθαλμοί
1307 727 1354 791 ap.

235 797 385 882 Hesyeh„
409 791 604 884 δλώτι·ηκες
620 797 718 875 (Ourt.
734 797 840 885 Etym.
857 804 940 883 360),
964 798 1163 888 μύρμ-ηκες,
1184 798 1353 890 ὅρια-ητις,

152 943 154 948 ,
194 925 197 932 ⁴
235 896 301 963 alia
324 896 461 962 eonfero.
872 901 876 906 ’
1279 917 1284 925 ·

320 1009 351 1083 3)
387 1005 505 1074 Glossa
527 1004 698 1070 δαῦλον·
729 1005 849 1072 δασύ·
881 1001 1147 1095 ἡμίφλεκτον
1171 1009 1292 1092 ξύλον
1314 1013 1353 1078 di-

233 1102 378 1171 videnda
398 1111 447 1171 est
474 1104 509 1169 in
540 1100 677 1167 δοῦλόν·
710 1101 802 1182 δασύ,
835 1105 919 1188 quod
948 1128 1007 1192 pro
1034 1105 1156 1186 δοῦλός
1178 1109 1200 1174 i.
1223 1129 1252 1175 e.
1274 1109 1353 1175 *δα
1451 1135 1452 1156 ³

235 1199 335 1278 σνλδς
357 1209 406 1268 est
428 1202 546 1288 (Etym.
569 1204 660 1283 232),
691 1207 723 1268 et
745 1200 883 1268 δαῦλον·
907 1199 1115 1292 ἡμίφλεκτον
1138 1204 1245 1288 ξύλον,
1275 1209 1353 1292 qued
1450 1173 1453 1268 ¹

234 1317 275 1365 ex
296 1297 466 1364 *δατ-λον
489 1306 591 1365 ertum
614 1304 663 1364 est
685 1305 717 1366 et
738 1300 937 1385 plerumque.
950 1302 1051 1380 δᾶλος
1073 1303 1172 1370 audit.

320 1419 353 1494 4)
384 1413 555 1481 δοῦσαι·
579 1412 752 1493 ἐκκαῦσαι,
784 1413 1057 1500 δεδανμένσν,
1083 1408 1352 1533 ιτεριιτεφλεγμέ-
1451 1393 1453 1470 ¹

235 1536 292 1579 νον
314 1512 414 1593 (Curt.
437 1515 543 1598 Etym.
566 1532 599 1598 p.
615 1515 701 1595 230),
724 1512 902 1580 laeonieum
926 1513 1065 1600 δοβεῖ·
1088 1521 1202 1604 κουθῇ
1226 1517 1278 1596 (δο
1298 1519 1352 1584 hoe
1448 1510 1452 1538 *

197 1679 200 1696 ,
234 1613 436 1679 eoniunetive
459 1611 534 1678 vide
556 1611 662 1690 inira).
700 1607 844 1699 ἐδάφς·
868 1610 980 1702 ἐκάης.
1160 1701 1165 1708 ἱ

318 1729 358 1794 D.
404 1725 659 1814 θλοεεκφώψ·
689 1723 813 1813 φάος,
1318 1735 1322 1743 “
1395 1755 1412 1790 ι

317 1845 412 1907 quam
441 1823 636 1892 Schmidtius
664 1829 846 1907 suspectam
875 1825 988 1908 habet,
1023 1820 1167 1913 Guyetus
1196 1850 1255 1913 pre
1282 1827 1351 1918 φώς

232 1922 452 2007 aeeipiendam
482 1943 553 1990 esse
574 1921 714 2006 putavit,
745 1940 817 1987 mea
838 1923 968 2005 quidem
994 1925 1154 1992 sententia
1176 1934 1287 1998 exorte
1308 1934 1354 1994 est
1450 1951 1451 2006 p

233 2040 273 2087 ex
287 2020 464 2107 *perr-tc
486 2027 541 2100 (-=
555 2019 666 2107 *φῦιδ
684 2022 768 2088 sieut
780 2015 838 2103 etp
854 2039 894 2085 ex
913 2013 1052 2101 ὠπ-Ι-ς.
1082 2023 1254 2108 Digamma
1268 2027 1353 2091 iuxta
1450 2021 1451 2031 ’

220 2117 414 2186 ‘sibilantem
436 2119 574 2202 positum
590 2121 623 2185 in
639 2143 667 2184 ιτ
681 2120 817 2202 transiit,
840 2121 925 2205 quod
948 2122 1044 2188 etiam
1065 2121 1099 2187 in
1121 2123 1228 2189 verbis
1251 2121 1353 2207 erco'y-
1450 2147 1451 2151 ¹

231 2238 290 2300 μσς
312 2237 369 2299 pro
391 2213 561 2300 *στογγος
584 2217 720 2302 (δῖναι.4
741 2238 773 2302 p.
796 2222 870 2295 384)
899 2225 931 2286 et
952 2218 1075 2297 λίσαος
1097 2239 1155 2304 pro
1177 2218 1352 2298 *λιστα-ς

231 2313 333 2392 (ibid.)
355 2315 502 2380 cernitur.

316 2430 354 2494 E.
386 2425 526 2510 τάλιξ·
550 2423 707 2512 ὁἝρος
729 2449 770 2496 ex
785 2431 1024 2524 adolescentiae
1046 2433 1217 2498 teneritate
1237 2451 1351 2499 nomen

229 2528 336 2594 traxit.
380 2527 486 2594 Habet
508 2527 592 2593 enim
613 2524 725 2608 τάλιξ,
748 2535 783 2594 ut
804 2530 881 2594 mihi
903 2529 1040 2611 videtur,
1062 2529 1200 2596 eandem
1223 2530 1350 2614 stirpem
1450 2535 1453 2630 ζ

231 2629 326 2709 quam
348 2625 488 2704 τῦλ-ι-ς,
510 2645 592 2709 quae
614 2625 808 2692 formatum
830 2647 947 2710 graeca
968 2627 1035 2694 rad.
1052 2648 1109 2712 τερ
1132 2627 1231 2707 (Onrt.
1247 2629 1350 2713 Etym.

229 2745 261 2808 p.
285 2727 359 2803 222)
393 2731 531 2806 aogmata
560 2730 624 2805 est,
660 2743 805 2806 quaeum,
831 2725 989 2792 sanserita
1021 2726 1122 2792 verba
1150 2726 1288 2789 telana-s
1315 2745 1350 2794 at

231 2830 375 2899 ternae-s
393 2822 522 2908 ¹optime
543 2821 738 2905 conspirant.
1104 2879 1106 2884 .
1451 2823 1452 2858 ¹

314 2937 351 3001 F.
381 2932 732 3018 Glossaipoetriar·
754 2942 972 3019 μέτοικοι,
997 2937 1350 3021 quamabaliaglossa
1397 2957 1399 2964 ’

229 3051 312 3117 quae
335 3039 385 3100 est
406 3029 591 3116 ἐμιτορίδοι
619 3033 676 3109 (sie
703 3041 833 3117 prepter
853 3033 998 3102 ordinem
1022 3035 1200 3101 litterarum
1223 3056 1281 3119 pro
1303 3055 1350 3103 σο-

175 3193 177 3197 .
229 3129 309 3197 dieis
324 3128 510 3213 ἔμοορίσοι
525 3129 740 3209 seribendum)
761 3132 885 3216 seiungi
899 3153 965 3198 nen
985 3133 1069 3214 lieet,
1092 3132 1205 3198 miram
1221 3134 1350 3216 praebet

228 3228 507 3296 assimilationem:
530 3234 578 3294 est
593 3227 679 3294 enim
701 3249 758 3313 pre
780 3227 964 3314 ἒμμοριδαι
985 3229 1051 3308 (eir.
1068 3228 1148 3312 ἔμεν
1169 3251 1228 3314 pro
1251 3228 1349 3313 ἔμμε-

229 3328 297 3403 ναι)
324 3330 357 3393 et
386 3321 572 3409 ἐμιτορίδαι
600 3326 666 3403 (eft.
693 3322 785 3408 δμμο
812 3347 870 3412 pro
897 3322 1051 3410 *δτι-μα,
1084 3327 1168 3395 οθολ.
1194 3325 1292 3393 δτιιτα
1320 3333 1350 3394 et

228 3423 333 3491 boeot.
350 3421 474 3499 ἔντασις
494 3443 553 3507 pro
576 3421 754 3501 *ἔνστασις
775 3425 796 3490 i.
811 3444 840 3492 e.
856 3423 1026 3507 δμντασις).
1054 3424 1129 3490 Alio
1151 3426 1223 3493 loto
1245 3423 1348 3508 ἐμπό-

46 3599 49 3606 ,
149 3573 152 3578 -
228 3546 301 3608 ρισς
323 3522 365 3590 ab
388 3521 549 3605 Hesychio
570 3525 729 3602 μέτοικος
751 3523 943 3589 nominatur.
979 3514 981 3517 ⁵
1179 3533 1183 3536 ’

313 3637 352 3703 G.
396 3629 665 3712 Ριοεῦολιῦς·
704 3629 887 3721 εὐχερῶς
920 3632 1177 3723 θηρώμενος
1212 3637 1348 3706 seribere

226 3734 324 3802 velim
347 3729 484 3813 εὐολώς,
510 3752 592 3817 quae
615 3733 717 3801 forma
739 3735 943 3819 participium
965 3735 1097 3818 persenti
1118 3736 1215 3802 aetivi
1237 3735 1347 3804 aeolici

228 3828 414 3896 ε-ῦάλο-κα
436 3832 503 3912 (eir.
520 3825 730 3897 ε-ὗέθ-ω-κα
743 3852 796 3916 ap.
812 3833 1019 3919 Hesychium)
1041 3852 1113 3900 esse
1135 3833 1262 3901 ridetur
1282 3833 1345 3912 (eir.

226 3927 305 3994 Ahr.
327 3928 352 4009 Ι,
376 3931 439 4004 36).
483 3925 624 4007 statae
646 3955 653 3995 :
676 3926 863 3996 εὐάλ-ω-κα
892 3932 974 4010 (sive
996 3928 1142 4010 ἑάλωκα)
1162 3961 1207 3985 ==
1227 3927 1346 4006 δοιδώς

227 4024 260 4105 (i.
291 4044 319 4092 e.
347 4023 601 4106 *σε-στοδ-ώς)
623 4051 630 4092 :
654 4024 855 4094 εῦέδ-ιο-κο.
907 4021 1055 4112 εὐχερῶς
1079 4027 1206 4096 videtur
1234 4049 1271 4098 ea
1307 4027 1345 4093 de
1376 4027 1378 4034 ’
