<?xml version="1.0" encoding="UTF-8"?>
<!DOCTYPE html PUBLIC "-//W3C//DTD XHTML 1.0 Transitional//EN"
    "http://www.w3.org/TR/xhtml1/DTD/xhtml1-transitional.dtd">
<html xmlns="http://www.w3.org/1999/xhtml" xml:lang="en" lang="en">
 <head>
  <title>
</title>
<meta http-equiv="Content-Type" content="text/html;charset=utf-8" />
  <meta name='ocr-system' content='tesseract 3.04.00' />
  <meta name='ocr-capabilities' content='ocr_page ocr_carea ocr_par ocr_line ocrx_word'/>
</head>
<body>
  <div class='ocr_page' id='page_1' title='image "./studienzurgriec01vanigoog_0096.png"; bbox 0 0 2916 4872; ppageno 0'>
   <div class='ocr_carea' id='block_1_1' title="bbox 238 460 955 524">
    <p class='ocr_par' dir='ltr' id='par_1_1' title="bbox 238 460 955 524">
     <span class='ocr_line' id='line_1_1' title="bbox 238 460 955 524; baseline -0.003 -2"><span class='ocrx_word' id='word_1_1' title='bbox 238 460 279 524; x_wconf 89' lang='grc'>84</span> <span class='ocrx_word' id='word_1_2' title='bbox 741 463 875 520; x_wconf 88' lang='lat' dir='ltr'>Baunaok</span> <span class='ocrx_word' id='word_1_3' title='bbox 952 515 955 520; x_wconf 90' lang='lat'><strong>.</strong></span> 
     </span>
    </p>
   </div>
   <div class='ocr_carea' id='block_1_2' title="bbox 234 634 1448 1308">
    <p class='ocr_par' dir='ltr' id='par_1_2' title="bbox 237 634 1448 1308">
     <span class='ocr_line' id='line_1_2' title="bbox 326 634 1360 722; baseline -0.001 -20"><span class='ocrx_word' id='word_1_4' title='bbox 326 638 461 718; x_wconf 78' lang='grc' dir='ltr'><em>Θίβος</em></span> <span class='ocrx_word' id='word_1_5' title='bbox 498 641 560 705; x_wconf 87' lang='lat' dir='ltr'>est</span> <span class='ocrx_word' id='word_1_6' title='bbox 595 635 940 722; x_wconf 85' lang='lat' dir='ltr'>hypoooristioon</span> <span class='ocrx_word' id='word_1_7' title='bbox 977 656 1049 720; x_wconf 85' lang='lat' dir='ltr'>pro</span> <span class='ocrx_word' id='word_1_8' title='bbox 1088 634 1360 721; x_wconf 79' lang='grc' dir='ltr'><strong><em>Θεό-βουλος.</em></strong></span> 
     </span>
     <span class='ocr_line' id='line_1_3' title="bbox 237 731 1361 820; baseline 0 -20"><span class='ocrx_word' id='word_1_9' title='bbox 237 731 420 800; x_wconf 83' lang='lat' dir='ltr'>Seoundum</span> <span class='ocrx_word' id='word_1_10' title='bbox 450 737 556 820; x_wconf 83' lang='lat' dir='ltr'>legem</span> <span class='ocrx_word' id='word_1_11' title='bbox 587 735 672 804; x_wconf 85' lang='lat' dir='ltr'>enim</span> <span class='ocrx_word' id='word_1_12' title='bbox 702 733 808 814; x_wconf 90' lang='lat' dir='ltr'>illam,</span> <span class='ocrx_word' id='word_1_13' title='bbox 838 751 934 815; x_wconf 91' lang='lat' dir='ltr'>quam</span> <span class='ocrx_word' id='word_1_14' title='bbox 956 732 1088 800; x_wconf 82' lang='lat' dir='ltr'>Fiokius</span> <span class='ocrx_word' id='word_1_15' title='bbox 1118 733 1159 800; x_wconf 87' lang='lat' dir='ltr'>de</span> <span class='ocrx_word' id='word_1_16' title='bbox 1185 733 1361 800; x_wconf 84' lang='lat' dir='ltr'>nominibus</span> 
     </span>
     <span class='ocr_line' id='line_1_4' title="bbox 237 829 1362 932; baseline 0 -36"><span class='ocrx_word' id='word_1_17' title='bbox 237 831 375 932; x_wconf 82' lang='lat' dir='ltr'>propriis</span> <span class='ocrx_word' id='word_1_18' title='bbox 402 831 580 900; x_wconf 80' lang='lat' dir='ltr'><strong>formandis</strong></span> <span class='ocrx_word' id='word_1_19' title='bbox 605 831 730 913; x_wconf 78' lang='lat' dir='ltr'><strong>statuit,</strong></span> <span class='ocrx_word' id='word_1_20' title='bbox 753 829 918 896; x_wconf 88' lang='lat' dir='ltr'><strong>nominum</strong></span> <span class='ocrx_word' id='word_1_21' title='bbox 940 831 1157 915; x_wconf 85' lang='lat' dir='ltr'>propriorum,</span> <span class='ocrx_word' id='word_1_22' title='bbox 1180 852 1265 915; x_wconf 88' lang='lat' dir='ltr'>quae</span> <span class='ocrx_word' id='word_1_23' title='bbox 1286 852 1362 899; x_wconf 88' lang='lat' dir='ltr'>oom-</span> 
     </span>
     <span class='ocr_line' id='line_1_5' title="bbox 237 917 1361 1013; baseline 0.002 -19"><span class='ocrx_word' id='word_1_24' title='bbox 237 917 344 1011; x_wconf 80' lang='lat' dir='ltr'>po&#39;sita</span> <span class='ocrx_word' id='word_1_25' title='bbox 372 936 465 1013; x_wconf 89' lang='lat' dir='ltr'>sunt,</span> <span class='ocrx_word' id='word_1_26' title='bbox 496 931 600 998; x_wconf 84' lang='lat' dir='ltr'>altera</span> <span class='ocrx_word' id='word_1_27' title='bbox 628 949 704 1013; x_wconf 85' lang='lat' dir='ltr'>pars</span> <span class='ocrx_word' id='word_1_28' title='bbox 726 946 958 1012; x_wconf 79' lang='lat' dir='ltr'>saepenumero</span> <span class='ocrx_word' id='word_1_29' title='bbox 987 928 1180 1011; x_wconf 76' lang='lat' dir='ltr'>decurtatur,</span> <span class='ocrx_word' id='word_1_30' title='bbox 1213 936 1246 995; x_wconf 87' lang='lat' dir='ltr'>ut</span> <span class='ocrx_word' id='word_1_31' title='bbox 1267 930 1361 996; x_wconf 83' lang='lat' dir='ltr'>habes</span> 
     </span>
     <span class='ocr_line' id='line_1_6' title="bbox 234 1020 1361 1114; baseline 0.002 -25.01"><span class='ocrx_word' id='word_1_32' title='bbox 234 1020 346 1090; x_wconf 77' lang='grc' dir='ltr'><em>Ἀντί-</em></span> <span class='ocrx_word' id='word_1_33' title='bbox 330 1049 414 1110; x_wconf 79' lang='grc' dir='ltr'><em>-γων</em></span> <span class='ocrx_word' id='word_1_34' title='bbox 436 1036 469 1096; x_wconf 89' lang='lat' dir='ltr'>et</span> <span class='ocrx_word' id='word_1_35' title='bbox 487 1024 597 1095; x_wconf 80' lang='grc' dir='ltr'>Ἀντι-</span> <span class='ocrx_word' id='word_1_36' title='bbox 581 1026 766 1114; x_wconf 75' lang='grc' dir='ltr'>-γένηςιθί</span> <span class='ocrx_word' id='word_1_37' title='bbox 784 1021 896 1092; x_wconf 78' lang='grc' dir='ltr'><em>Ἀντί-</em></span> <span class='ocrx_word' id='word_1_38' title='bbox 879 1047 1005 1110; x_wconf 78' lang='grc' dir='ltr'><strong><em>-γονος,</em></strong></span> <span class='ocrx_word' id='word_1_39' title='bbox 1027 1024 1128 1109; x_wconf 82' lang='grc' dir='ltr'><em>Πάμ-</em></span> <span class='ocrx_word' id='word_1_40' title='bbox 1129 1051 1201 1108; x_wconf 80' lang='grc' dir='ltr'>μων</span> <span class='ocrx_word' id='word_1_41' title='bbox 1222 1032 1361 1110; x_wconf 70' lang='grc' dir='ltr'>οῑΠαμ-</span> 
     </span>
     <span class='ocr_line' id='line_1_7' title="bbox 237 1115 1448 1212; baseline 0.002 -24"><span class='ocrx_word' id='word_1_42' title='bbox 237 1127 351 1210; x_wconf 78' lang='grc' dir='ltr'><strong><em>μένης,</em></strong></span> <span class='ocrx_word' id='word_1_43' title='bbox 373 1129 488 1192; x_wconf 75' lang='lat' dir='ltr'>Mers·</span> <span class='ocrx_word' id='word_1_44' title='bbox 490 1124 567 1191; x_wconf 73' lang='grc' dir='ltr'>σθώ</span> <span class='ocrx_word' id='word_1_45' title='bbox 583 1131 615 1192; x_wconf 82' lang='lat' dir='ltr'>et</span> <span class='ocrx_word' id='word_1_46' title='bbox 629 1129 744 1190; x_wconf 73' lang='lat' dir='ltr'>Meua·</span> <span class='ocrx_word' id='word_1_47' title='bbox 729 1127 883 1210; x_wconf 67' lang='grc' dir='ltr'><strong><em>-σθένης,</em></strong></span> <span class='ocrx_word' id='word_1_48' title='bbox 896 1119 1035 1204; x_wconf 79' lang='grc' dir='ltr'><em>Ἀλεξ-</em></span> <span class='ocrx_word' id='word_1_49' title='bbox 995 1147 1054 1200; x_wconf 84' lang='grc' dir='ltr'>-ας</span> <span class='ocrx_word' id='word_1_50' title='bbox 1068 1130 1101 1190; x_wconf 87' lang='lat' dir='ltr'>et</span> <span class='ocrx_word' id='word_1_51' title='bbox 1119 1115 1234 1205; x_wconf 77' lang='grc' dir='ltr'><em>Ἀλέξ-</em></span> <span class='ocrx_word' id='word_1_52' title='bbox 1217 1124 1361 1209; x_wconf 81' lang='grc' dir='ltr'><strong><em>-ανδρος,</em></strong></span> <span class='ocrx_word' id='word_1_53' title='bbox 1446 1209 1448 1212; x_wconf 22' lang='grc' dir='ltr'>Ι</span> 
     </span>
     <span class='ocr_line' id='line_1_8' title="bbox 237 1215 1361 1308; baseline -0.002 -23.99"><span class='ocrx_word' id='word_1_54' title='bbox 237 1215 400 1306; x_wconf 77' lang='grc' dir='ltr'><em>Ἐπαφρώ</em></span> <span class='ocrx_word' id='word_1_55' title='bbox 429 1229 461 1288; x_wconf 82' lang='lat' dir='ltr'>et</span> <span class='ocrx_word' id='word_1_56' title='bbox 486 1218 743 1308; x_wconf 77' lang='grc' dir='ltr'>Ἐπαφρόδιτος.</span> <span class='ocrx_word' id='word_1_57' title='bbox 788 1220 869 1287; x_wconf 82' lang='lat' dir='ltr'>Ut·</span> <span class='ocrx_word' id='word_1_58' title='bbox 860 1241 895 1286; x_wconf 88' lang='lat' dir='ltr'>ln</span> <span class='ocrx_word' id='word_1_59' title='bbox 924 1220 975 1286; x_wconf 83' lang='lat' dir='ltr'>his</span> <span class='ocrx_word' id='word_1_60' title='bbox 1005 1227 1037 1287; x_wconf 84' lang='lat' dir='ltr'>et</span> <span class='ocrx_word' id='word_1_61' title='bbox 1064 1219 1254 1287; x_wconf 80' lang='lat' dir='ltr'>suffixum·</span> <span class='ocrx_word' id='word_1_62' title='bbox 1238 1247 1312 1288; x_wconf 77' lang='grc' dir='ltr'>-ων</span> <span class='ocrx_word' id='word_1_63' title='bbox 1334 1228 1361 1289; x_wconf 83' lang='lat' dir='ltr'>et</span> 
     </span>
    </p>
   </div>
   <div class='ocr_carea' id='block_1_3' title="bbox 231 1317 1448 4126">
    <p class='ocr_par' dir='ltr' id='par_1_3' title="bbox 231 1317 1448 1990">
     <span class='ocr_line' id='line_1_9' title="bbox 239 1317 1448 1406; baseline 0.003 -25.063"><span class='ocrx_word' id='word_1_64' title='bbox 239 1341 290 1381; x_wconf 89' lang='grc' dir='ltr'>-ω</span> <span class='ocrx_word' id='word_1_65' title='bbox 314 1324 384 1384; x_wconf 86' lang='lat' dir='ltr'>ot·</span> <span class='ocrx_word' id='word_1_66' title='bbox 367 1342 438 1396; x_wconf 86' lang='grc' dir='ltr'>-ας</span> <span class='ocrx_word' id='word_1_67' title='bbox 460 1320 503 1386; x_wconf 86' lang='lat' dir='ltr'>ad</span> <span class='ocrx_word' id='word_1_68' title='bbox 525 1318 781 1406; x_wconf 86' lang='lat' dir='ltr'>hypoeoristioon</span> <span class='ocrx_word' id='word_1_69' title='bbox 804 1317 1006 1385; x_wconf 83' lang='lat' dir='ltr'>formandum</span> <span class='ocrx_word' id='word_1_70' title='bbox 1027 1317 1209 1384; x_wconf 83' lang='lat' dir='ltr'>adhibitum</span> <span class='ocrx_word' id='word_1_71' title='bbox 1231 1326 1297 1402; x_wconf 87' lang='lat' dir='ltr'>est,</span> <span class='ocrx_word' id='word_1_72' title='bbox 1319 1320 1361 1384; x_wconf 86' lang='lat' dir='ltr'>ita</span> <span class='ocrx_word' id='word_1_73' title='bbox 1447 1373 1448 1376; x_wconf 18' lang='grc' dir='ltr'>ι</span> 
     </span>
     <span class='ocr_line' id='line_1_10' title="bbox 237 1403 1359 1494; baseline 0.002 -15"><span class='ocrx_word' id='word_1_74' title='bbox 237 1414 341 1480; x_wconf 88' lang='lat' dir='ltr'>aliis</span> <span class='ocrx_word' id='word_1_75' title='bbox 332 1436 366 1480; x_wconf 92' lang='lat' dir='ltr'>m</span> <span class='ocrx_word' id='word_1_76' title='bbox 388 1417 553 1486; x_wconf 79' lang='lat' dir='ltr'>vocabulis</span> <span class='ocrx_word' id='word_1_77' title='bbox 574 1416 762 1488; x_wconf 81' lang='lat' dir='ltr'>suffixum·</span> <span class='ocrx_word' id='word_1_78' title='bbox 745 1415 840 1481; x_wconf 90' lang='lat' dir='ltr'>o-in</span> <span class='ocrx_word' id='word_1_79' title='bbox 862 1437 922 1482; x_wconf 91' lang='lat' dir='ltr'>usu</span> <span class='ocrx_word' id='word_1_80' title='bbox 943 1422 1002 1482; x_wconf 86' lang='lat' dir='ltr'>est.</span> <span class='ocrx_word' id='word_1_81' title='bbox 1041 1414 1196 1482; x_wconf 78' lang='lat' dir='ltr'>Conferas</span> <span class='ocrx_word' id='word_1_82' title='bbox 1210 1403 1277 1481; x_wconf 82' lang='lat' dir='ltr'>En·</span> <span class='ocrx_word' id='word_1_83' title='bbox 1278 1417 1359 1494; x_wconf 81' lang='grc' dir='ltr'><strong><em>κλος,</em></strong></span> 
     </span>
     <span class='ocr_line' id='line_1_11' title="bbox 231 1505 1359 1599; baseline 0.002 -23"><span class='ocrx_word' id='word_1_84' title='bbox 231 1505 322 1593; x_wconf 80' lang='grc' dir='ltr'><em>Ἔχε·</em></span> <span class='ocrx_word' id='word_1_85' title='bbox 324 1512 413 1592; x_wconf 63' lang='lat' dir='ltr'>uine,</span> <span class='ocrx_word' id='word_1_86' title='bbox 428 1510 491 1580; x_wconf 84' lang='lat' dir='ltr'>&#39;&#39;lo-</span> <span class='ocrx_word' id='word_1_87' title='bbox 493 1515 582 1596; x_wconf 82' lang='grc' dir='ltr'><strong><em>κλος,</em></strong></span> <span class='ocrx_word' id='word_1_88' title='bbox 605 1519 676 1580; x_wconf 82' lang='grc' dir='ltr'>Σιῦ·</span> <span class='ocrx_word' id='word_1_89' title='bbox 661 1535 748 1592; x_wconf 87' lang='grc' dir='ltr'><strong><em>·,κος</em></strong></span> <span class='ocrx_word' id='word_1_90' title='bbox 770 1507 884 1580; x_wconf 81' lang='grc' dir='ltr'>’Ἀντι-</span> <span class='ocrx_word' id='word_1_91' title='bbox 869 1535 963 1598; x_wconf 84' lang='grc' dir='ltr'><em>-φος,</em></span> <span class='ocrx_word' id='word_1_92' title='bbox 978 1509 1066 1597; x_wconf 72' lang='lat' dir='ltr'>’Fot-</span> <span class='ocrx_word' id='word_1_93' title='bbox 1051 1537 1145 1599; x_wconf 86' lang='grc' dir='ltr'><strong><em>-φος,</em></strong></span> <span class='ocrx_word' id='word_1_94' title='bbox 1164 1507 1296 1580; x_wconf 85' lang='grc' dir='ltr'>Ονασι</span> <span class='ocrx_word' id='word_1_95' title='bbox 1297 1513 1359 1590; x_wconf 81' lang='grc' dir='ltr'>λος</span> 
     </span>
     <span class='ocr_line' id='line_1_12' title="bbox 239 1607 1359 1695; baseline 0.004 -23"><span class='ocrx_word' id='word_1_96' title='bbox 239 1607 435 1691; x_wconf 62' lang='lat' dir='ltr'>zoara-tog,</span> <span class='ocrx_word' id='word_1_97' title='bbox 458 1612 625 1689; x_wconf 61' lang='lat' dir='ltr'>uteo-tog</span> <span class='ocrx_word' id='word_1_98' title='bbox 648 1612 736 1690; x_wconf 79' lang='lat' dir='ltr'>(Eun.</span> <span class='ocrx_word' id='word_1_99' title='bbox 760 1609 861 1676; x_wconf 77' lang='lat' dir='ltr'>eutii</span> <span class='ocrx_word' id='word_1_100' title='bbox 882 1609 995 1675; x_wconf 88' lang='lat' dir='ltr'>aneed.</span> <span class='ocrx_word' id='word_1_101' title='bbox 1020 1609 1128 1695; x_wconf 85' lang='lat' dir='ltr'><strong>delph.</strong></span> <span class='ocrx_word' id='word_1_102' title='bbox 1153 1616 1183 1695; x_wconf 85' lang='lat'>5,</span> <span class='ocrx_word' id='word_1_103' title='bbox 1207 1613 1277 1692; x_wconf 82' lang='lat'><strong>20),-</strong></span> <span class='ocrx_word' id='word_1_104' title='bbox 1297 1607 1359 1694; x_wconf 78' lang='grc' dir='ltr'>Ἑρ·</span> 
     </span>
     <span class='ocr_line' id='line_1_13' title="bbox 238 1703 1447 1806; baseline 0.001 -35"><span class='ocrx_word' id='word_1_105' title='bbox 238 1703 395 1791; x_wconf 54' lang='lat' dir='ltr'>reat-tog</span> <span class='ocrx_word' id='word_1_106' title='bbox 418 1713 507 1792; x_wconf 81' lang='lat' dir='ltr'>(ergo</span> <span class='ocrx_word' id='word_1_107' title='bbox 530 1709 627 1776; x_wconf 86' lang='lat' dir='ltr'>etiam</span> <span class='ocrx_word' id='word_1_108' title='bbox 642 1705 793 1784; x_wconf 82' lang='grc' dir='ltr'><strong><em>Ζώῑ-λος</em></strong></span> <span class='ocrx_word' id='word_1_109' title='bbox 815 1728 873 1791; x_wconf 80' lang='lat' dir='ltr'>pro</span> <span class='ocrx_word' id='word_1_110' title='bbox 895 1704 1104 1786; x_wconf 83' lang='grc' dir='ltr'>*Ζώσι-λος,</span> <span class='ocrx_word' id='word_1_111' title='bbox 1129 1727 1194 1774; x_wconf 90' lang='lat' dir='ltr'>non</span> <span class='ocrx_word' id='word_1_112' title='bbox 1210 1705 1359 1784; x_wconf 67' lang='lat' dir='ltr'>Zet-aios</span> <span class='ocrx_word' id='word_1_113' title='bbox 1446 1727 1447 1806; x_wconf 56' lang='lat' dir='ltr'><strong>t</strong></span> 
     </span>
     <span class='ocr_line' id='line_1_14' title="bbox 237 1801 1359 1892; baseline 0.002 -24"><span class='ocrx_word' id='word_1_114' title='bbox 237 1803 323 1886; x_wconf 88' lang='lat' dir='ltr'>quod</span> <span class='ocrx_word' id='word_1_115' title='bbox 338 1805 470 1873; x_wconf 83' lang='lat' dir='ltr'>Fiekius</span> <span class='ocrx_word' id='word_1_116' title='bbox 485 1806 630 1889; x_wconf 83' lang='lat' dir='ltr'>mavult),</span> <span class='ocrx_word' id='word_1_117' title='bbox 654 1802 808 1883; x_wconf 79' lang='grc' dir='ltr'><strong><em>Σώῑ-λος,</em></strong></span> <span class='ocrx_word' id='word_1_118' title='bbox 833 1802 1020 1892; x_wconf 63' lang='lat' dir='ltr'>Monoi-ia,</span> <span class='ocrx_word' id='word_1_119' title='bbox 1037 1801 1225 1888; x_wconf 74' lang='grc' dir='ltr'><strong><em>Πόλυ-βος,</em></strong></span> <span class='ocrx_word' id='word_1_120' title='bbox 1242 1803 1359 1890; x_wconf 82' lang='grc' dir='ltr'>Κόροι-</span> 
     </span>
     <span class='ocr_line' id='line_1_15' title="bbox 237 1897 811 1990; baseline 0 -23"><span class='ocrx_word' id='word_1_121' title='bbox 237 1906 309 1984; x_wconf 76' lang='grc' dir='ltr'><strong><em>βος,</em></strong></span> <span class='ocrx_word' id='word_1_122' title='bbox 330 1897 467 1990; x_wconf 67' lang='lat' dir='ltr'>‘lind-fin</span> <span class='ocrx_word' id='word_1_123' title='bbox 490 1903 621 1986; x_wconf 87' lang='lat' dir='ltr'>aliaque</span> <span class='ocrx_word' id='word_1_124' title='bbox 642 1902 811 1987; x_wconf 85' lang='lat' dir='ltr'>permulta.</span> 
     </span>
    </p>

    <p class='ocr_par' dir='ltr' id='par_1_4' title="bbox 238 1991 1357 2183">
     <span class='ocr_line' id='line_1_16' title="bbox 323 1991 1357 2085; baseline -0.002 -19"><span class='ocrx_word' id='word_1_125' title='bbox 323 2001 409 2083; x_wconf 78' lang='lat' dir='ltr'>Ergo</span> <span class='ocrx_word' id='word_1_126' title='bbox 435 2004 613 2083; x_wconf 74' lang='grc' dir='ltr'>Θί-βοςι</span> <span class='ocrx_word' id='word_1_127' title='bbox 634 1991 1357 2085; x_wconf 61' lang='grc' dir='ltr'>Θεό-βουλὸς-εἈντι-φοςεἈντι-</span> 
     </span>
     <span class='ocr_line' id='line_1_17' title="bbox 238 2094 1043 2183; baseline 0.002 -23"><span class='ocrx_word' id='word_1_128' title='bbox 238 2094 375 2183; x_wconf 79' lang='grc' dir='ltr'><em>φάνης</em></span> <span class='ocrx_word' id='word_1_129' title='bbox 397 2125 440 2150; x_wconf 85' lang='lat'><em>=</em></span> <span class='ocrx_word' id='word_1_130' title='bbox 465 2095 722 2182; x_wconf 75' lang='grc' dir='ltr'>Θέρσι-λοςε</span> <span class='ocrx_word' id='word_1_131' title='bbox 742 2096 1043 2180; x_wconf 64' lang='lat' dir='ltr'>Oenei-toxos.</span> 
     </span>
    </p>

    <p class='ocr_par' dir='ltr' id='par_1_5' title="bbox 238 2192 1361 2473">
     <span class='ocr_line' id='line_1_18' title="bbox 323 2192 1358 2278; baseline -0.005 -15"><span class='ocrx_word' id='word_1_132' title='bbox 323 2192 471 2263; x_wconf 77' lang='lat' dir='ltr'>Eundem</span> <span class='ocrx_word' id='word_1_133' title='bbox 498 2194 533 2260; x_wconf 89' lang='lat' dir='ltr'>in</span> <span class='ocrx_word' id='word_1_134' title='bbox 561 2193 690 2261; x_wconf 84' lang='lat' dir='ltr'>modum</span> <span class='ocrx_word' id='word_1_135' title='bbox 715 2197 883 2277; x_wconf 77' lang='grc' dir='ltr'><em>Θίβρων</em></span> <span class='ocrx_word' id='word_1_136' title='bbox 908 2199 941 2260; x_wconf 81' lang='lat' dir='ltr'>et</span> <span class='ocrx_word' id='word_1_137' title='bbox 965 2196 1290 2278; x_wconf 25' lang='lat' dir='ltr'>&amp;tufiowm&#39;quae</span> <span class='ocrx_word' id='word_1_138' title='bbox 1309 2214 1358 2259; x_wconf 89' lang='lat' dir='ltr'>no·</span> 
     </span>
     <span class='ocr_line' id='line_1_19' title="bbox 238 2289 1361 2375; baseline 0.003 -21"><span class='ocrx_word' id='word_1_139' title='bbox 238 2289 327 2356; x_wconf 90' lang='lat' dir='ltr'>mina</span> <span class='ocrx_word' id='word_1_140' title='bbox 355 2290 550 2372; x_wconf 76' lang='lat' dir='ltr'>Bouchetos,</span> <span class='ocrx_word' id='word_1_141' title='bbox 579 2291 632 2358; x_wconf 89' lang='lat' dir='ltr'>oui</span> <span class='ocrx_word' id='word_1_142' title='bbox 662 2312 721 2374; x_wconf 87' lang='lat' dir='ltr'>pro</span> <span class='ocrx_word' id='word_1_143' title='bbox 746 2295 917 2375; x_wconf 76' lang='grc' dir='ltr'><em>Θίβ-ρ-ων</em></span> <span class='ocrx_word' id='word_1_144' title='bbox 946 2297 978 2356; x_wconf 87' lang='lat' dir='ltr'>et</span> <span class='ocrx_word' id='word_1_145' title='bbox 1003 2293 1200 2374; x_wconf 78' lang='grc' dir='ltr'><em>Θίμβ-ρ-ων</em></span> <span class='ocrx_word' id='word_1_146' title='bbox 1224 2312 1293 2359; x_wconf 88' lang='lat' dir='ltr'>esse</span> <span class='ocrx_word' id='word_1_147' title='bbox 1318 2291 1361 2357; x_wconf 72' lang='lat' dir='ltr'>vi·</span> 
     </span>
     <span class='ocr_line' id='line_1_20' title="bbox 239 2385 1301 2473; baseline 0.004 -21"><span class='ocrx_word' id='word_1_148' title='bbox 239 2385 364 2465; x_wconf 83' lang='lat' dir='ltr'>dentur,</span> <span class='ocrx_word' id='word_1_149' title='bbox 390 2389 497 2454; x_wconf 87' lang='lat' dir='ltr'>minus</span> <span class='ocrx_word' id='word_1_150' title='bbox 518 2396 595 2472; x_wconf 91' lang='lat' dir='ltr'>apte</span> <span class='ocrx_word' id='word_1_151' title='bbox 616 2409 637 2454; x_wconf 86' lang='lat' dir='ltr'>a</span> <span class='ocrx_word' id='word_1_152' title='bbox 658 2387 809 2473; x_wconf 75' lang='grc' dir='ltr'>θιμβρός</span> <span class='ocrx_word' id='word_1_153' title='bbox 832 2387 967 2470; x_wconf 87' lang='lat' dir='ltr'>derivat,</span> <span class='ocrx_word' id='word_1_154' title='bbox 993 2387 1191 2470; x_wconf 82' lang='lat' dir='ltr'>explicanda</span> <span class='ocrx_word' id='word_1_155' title='bbox 1213 2396 1301 2456; x_wconf 88' lang='lat' dir='ltr'>sunt:</span> 
     </span>
    </p>

    <p class='ocr_par' dir='ltr' id='par_1_6' title="bbox 237 2484 1382 3442">
     <span class='ocr_line' id='line_1_21' title="bbox 327 2484 1382 2574; baseline -0.003 -23"><span class='ocrx_word' id='word_1_156' title='bbox 327 2488 522 2570; x_wconf 74' lang='grc' dir='ltr'><em>Θέ-βρων</em></span> <span class='ocrx_word' id='word_1_157' title='bbox 551 2486 753 2570; x_wconf 81' lang='lat' dir='ltr'>(plenumque</span> <span class='ocrx_word' id='word_1_158' title='bbox 781 2484 1109 2552; x_wconf 76' lang='lat' dir='ltr'>Lacedaemoniorum</span> <span class='ocrx_word' id='word_1_159' title='bbox 1138 2489 1270 2565; x_wconf 82' lang='lat' dir='ltr'>nomen)</span> <span class='ocrx_word' id='word_1_160' title='bbox 1299 2484 1382 2574; x_wconf 28' lang='lat' dir='ltr'>vol·</span> 
     </span>
     <span class='ocr_line' id='line_1_22' title="bbox 241 2574 1355 2668; baseline -0.004 -18"><span class='ocrx_word' id='word_1_161' title='bbox 241 2580 464 2668; x_wconf 59' lang='lat' dir='ltr'>QIJ-uissowa</span> <span class='ocrx_word' id='word_1_162' title='bbox 487 2606 496 2650; x_wconf 75' lang='grc' dir='ltr'>ι</span> <span class='ocrx_word' id='word_1_163' title='bbox 522 2581 846 2668; x_wconf 57' lang='lat' dir='ltr'>&amp;eo-(ammos</span> <span class='ocrx_word' id='word_1_164' title='bbox 876 2611 920 2636; x_wconf 82' lang='lat'><strong>=</strong></span> <span class='ocrx_word' id='word_1_165' title='bbox 948 2574 1172 2665; x_wconf 75' lang='grc' dir='ltr'>Ἀντί-γων</span> <span class='ocrx_word' id='word_1_166' title='bbox 1199 2605 1208 2646; x_wconf 86' lang='lat'>:</span> <span class='ocrx_word' id='word_1_167' title='bbox 1231 2574 1355 2648; x_wconf 75' lang='grc' dir='ltr'><em>Ἀντί-</em></span> 
     </span>
     <span class='ocr_line' id='line_1_23' title="bbox 237 2679 1354 2767; baseline -0.004 -21"><span class='ocrx_word' id='word_1_168' title='bbox 237 2703 372 2767; x_wconf 75' lang='grc' dir='ltr'><em>γονος.</em></span> <span class='ocrx_word' id='word_1_169' title='bbox 415 2679 504 2748; x_wconf 87' lang='lat' dir='ltr'>Illud</span> <span class='ocrx_word' id='word_1_170' title='bbox 525 2685 634 2766; x_wconf 77' lang='grc' dir='ltr'><strong><em>-βρων</em></strong></span> <span class='ocrx_word' id='word_1_171' title='bbox 664 2681 734 2748; x_wconf 87' lang='lat' dir='ltr'>sive</span> <span class='ocrx_word' id='word_1_172' title='bbox 755 2685 890 2764; x_wconf 78' lang='grc' dir='ltr'><em>-μβρων</em></span> <span class='ocrx_word' id='word_1_173' title='bbox 919 2686 968 2746; x_wconf 83' lang='lat' dir='ltr'>est</span> <span class='ocrx_word' id='word_1_174' title='bbox 997 2680 1098 2744; x_wconf 84' lang='lat' dir='ltr'>forma</span> <span class='ocrx_word' id='word_1_175' title='bbox 1120 2679 1287 2746; x_wconf 84' lang='lat' dir='ltr'>doourtata</span> <span class='ocrx_word' id='word_1_176' title='bbox 1306 2697 1354 2763; x_wconf 87' lang='lat' dir='ltr'>pro</span> 
     </span>
     <span class='ocr_line' id='line_1_24' title="bbox 237 2772 1355 2864; baseline -0.005 -19"><span class='ocrx_word' id='word_1_177' title='bbox 237 2780 444 2864; x_wconf 71' lang='grc' dir='ltr'>-(μ)βροιος,</span> <span class='ocrx_word' id='word_1_178' title='bbox 474 2784 509 2845; x_wconf 87' lang='lat' dir='ltr'>ut</span> <span class='ocrx_word' id='word_1_179' title='bbox 530 2798 589 2862; x_wconf 85' lang='lat' dir='ltr'>pro</span> <span class='ocrx_word' id='word_1_180' title='bbox 612 2778 727 2844; x_wconf 83' lang='lat' dir='ltr'>eadem</span> <span class='ocrx_word' id='word_1_181' title='bbox 749 2797 829 2844; x_wconf 83' lang='lat' dir='ltr'>voee</span> <span class='ocrx_word' id='word_1_182' title='bbox 849 2783 975 2861; x_wconf 79' lang='grc' dir='ltr'><strong><em>-μβρος</em></strong></span> <span class='ocrx_word' id='word_1_183' title='bbox 996 2777 1031 2842; x_wconf 91' lang='lat' dir='ltr'>in</span> <span class='ocrx_word' id='word_1_184' title='bbox 1046 2773 1198 2860; x_wconf 80' lang='grc' dir='ltr'><strong><em>Ἴ-μβρος</em></strong></span> <span class='ocrx_word' id='word_1_185' title='bbox 1220 2777 1286 2854; x_wconf 85' lang='lat' dir='ltr'>(ofr.</span> <span class='ocrx_word' id='word_1_186' title='bbox 1304 2772 1355 2840; x_wconf 85' lang='lat' dir='ltr'>&#39;Io-</span> 
     </span>
     <span class='ocr_line' id='line_1_25' title="bbox 239 2868 1354 2960; baseline -0.003 -22"><span class='ocrx_word' id='word_1_187' title='bbox 239 2875 338 2959; x_wconf 77' lang='grc' dir='ltr'><strong><em>κλῆς,</em></strong></span> <span class='ocrx_word' id='word_1_188' title='bbox 359 2873 550 2959; x_wconf 68' lang='lat' dir='ltr'>&#39;Id-nonos,</span> <span class='ocrx_word' id='word_1_189' title='bbox 569 2871 689 2960; x_wconf 72' lang='grc' dir='ltr'><strong><em>Ἰ-όπη,</em></strong></span> <span class='ocrx_word' id='word_1_190' title='bbox 708 2868 859 2960; x_wconf 77' lang='grc' dir='ltr'>Ἰο-φῶν)</span> <span class='ocrx_word' id='word_1_191' title='bbox 879 2873 1050 2955; x_wconf 87' lang='lat' dir='ltr'>invenitur,</span> <span class='ocrx_word' id='word_1_192' title='bbox 1077 2873 1162 2956; x_wconf 86' lang='lat' dir='ltr'>quod</span> <span class='ocrx_word' id='word_1_193' title='bbox 1185 2893 1301 2940; x_wconf 89' lang='lat' dir='ltr'>nomen</span> <span class='ocrx_word' id='word_1_194' title='bbox 1320 2891 1354 2938; x_wconf 85' lang='lat' dir='ltr'>ox</span> 
     </span>
     <span class='ocr_line' id='line_1_26' title="bbox 239 2966 1354 3057; baseline -0.004 -21"><span class='ocrx_word' id='word_1_195' title='bbox 239 2970 471 3057; x_wconf 76' lang='grc' dir='ltr'><strong><em>*Ἰό-μβροτος</em></strong></span> <span class='ocrx_word' id='word_1_196' title='bbox 492 2971 539 3036; x_wconf 92' lang='lat' dir='ltr'>uti</span> <span class='ocrx_word' id='word_1_197' title='bbox 559 2967 647 3049; x_wconf 75' lang='grc' dir='ltr'><strong><em>Ἴλας</em></strong></span> <span class='ocrx_word' id='word_1_198' title='bbox 668 2972 771 3050; x_wconf 83' lang='lat' dir='ltr'>(stud.</span> <span class='ocrx_word' id='word_1_199' title='bbox 794 2972 853 3053; x_wconf 89' lang='lat' dir='ltr'>IX,</span> <span class='ocrx_word' id='word_1_200' title='bbox 876 2973 929 3048; x_wconf 84' lang='grc'>97)</span> <span class='ocrx_word' id='word_1_201' title='bbox 960 2990 1001 3036; x_wconf 85' lang='lat' dir='ltr'>ex</span> <span class='ocrx_word' id='word_1_202' title='bbox 1018 2966 1140 3048; x_wconf 82' lang='grc' dir='ltr'><strong><em>Ἰό-λας</em></strong></span> <span class='ocrx_word' id='word_1_203' title='bbox 1161 2978 1272 3038; x_wconf 87' lang='lat' dir='ltr'>uatum</span> <span class='ocrx_word' id='word_1_204' title='bbox 1294 2987 1354 3038; x_wconf 83' lang='lat' dir='ltr'>esee</span> 
     </span>
     <span class='ocr_line' id='line_1_27' title="bbox 238 3067 1353 3153; baseline -0.004 -19"><span class='ocrx_word' id='word_1_205' title='bbox 238 3074 316 3153; x_wconf 80' lang='lat' dir='ltr'>puto</span> <span class='ocrx_word' id='word_1_206' title='bbox 344 3069 452 3149; x_wconf 88' lang='lat' dir='ltr'>(aliter</span> <span class='ocrx_word' id='word_1_207' title='bbox 472 3068 558 3136; x_wconf 82' lang='lat' dir='ltr'>curt.</span> <span class='ocrx_word' id='word_1_208' title='bbox 580 3069 705 3153; x_wconf 80' lang='lat' dir='ltr'><strong>Etym⁴</strong></span> <span class='ocrx_word' id='word_1_209' title='bbox 732 3090 764 3152; x_wconf 92' lang='lat' dir='ltr'>p</span> <span class='ocrx_word' id='word_1_210' title='bbox 787 3072 878 3151; x_wconf 78' lang='lat'>404),</span> <span class='ocrx_word' id='word_1_211' title='bbox 849 3072 969 3147; x_wconf 87' lang='lat' dir='ltr'>)neo</span> <span class='ocrx_word' id='word_1_212' title='bbox 990 3068 1095 3134; x_wconf 84' lang='lat' dir='ltr'>minus</span> <span class='ocrx_word' id='word_1_213' title='bbox 1117 3072 1308 3153; x_wconf 75' lang='grc' dir='ltr'>·(μ)βραχος</span> <span class='ocrx_word' id='word_1_214' title='bbox 1325 3067 1353 3129; x_wconf 93' lang='lat' dir='ltr'>in</span> 
     </span>
     <span class='ocr_line' id='line_1_28' title="bbox 243 3157 1353 3250; baseline -0.003 -19"><span class='ocrx_word' id='word_1_215' title='bbox 243 3169 305 3232; x_wconf 83' lang='grc' dir='ltr'>Θί-</span> <span class='ocrx_word' id='word_1_216' title='bbox 289 3170 475 3250; x_wconf 76' lang='grc' dir='ltr'>-(βραχος</span> <span class='ocrx_word' id='word_1_217' title='bbox 477 3185 595 3233; x_wconf 93' lang='lat' dir='ltr'>nomen</span> <span class='ocrx_word' id='word_1_218' title='bbox 626 3165 762 3234; x_wconf 87' lang='lat' dir='ltr'>laoonioi</span> <span class='ocrx_word' id='word_1_219' title='bbox 794 3157 991 3248; x_wconf 83' lang='lat' dir='ltr'>polemarohi</span> <span class='ocrx_word' id='word_1_220' title='bbox 1024 3185 1077 3248; x_wconf 85' lang='lat' dir='ltr'>ap.</span> <span class='ocrx_word' id='word_1_221' title='bbox 1107 3164 1192 3231; x_wconf 90' lang='lat' dir='ltr'>Xen.</span> <span class='ocrx_word' id='word_1_222' title='bbox 1223 3166 1353 3241; x_wconf 77' lang='lat' dir='ltr'>Helii,</span> 
     </span>
     <span class='ocr_line' id='line_1_29' title="bbox 240 3257 1351 3368; baseline -0.005 -38"><span class='ocrx_word' id='word_1_223' title='bbox 240 3267 271 3344; x_wconf 86' lang='lat'>4,</span> <span class='ocrx_word' id='word_1_224' title='bbox 294 3265 365 3346; x_wconf 82' lang='lat'><strong>33),</strong></span> <span class='ocrx_word' id='word_1_225' title='bbox 395 3283 531 3346; x_wconf 86' lang='lat' dir='ltr'>quooum</span> <span class='ocrx_word' id='word_1_226' title='bbox 558 3264 690 3331; x_wconf 90' lang='lat' dir='ltr'>nomina</span> <span class='ocrx_word' id='word_1_227' title='bbox 709 3260 924 3368; x_wconf 80' lang='grc' dir='ltr'>Ἀπέλλιχος,</span> <span class='ocrx_word' id='word_1_228' title='bbox 952 3257 1167 3344; x_wconf 77' lang='grc' dir='ltr'>Ὀλύμπιχος,</span> <span class='ocrx_word' id='word_1_229' title='bbox 1190 3257 1351 3336; x_wconf 53' lang='lat' dir='ltr'>‘innoxos</span> 
     </span>
     <span class='ocr_line' id='line_1_30' title="bbox 233 3355 618 3442; baseline 0.005 -18.048"><span class='ocrx_word' id='word_1_230' title='bbox 233 3355 361 3442; x_wconf 80' lang='grc' dir='ltr'><strong><em>Ἴναχος</em></strong></span> <span class='ocrx_word' id='word_1_231' title='bbox 382 3359 538 3428; x_wconf 72' lang='lat' dir='ltr'>conferas.</span> <span class='ocrx_word' id='word_1_232' title='bbox 617 3411 618 3416; x_wconf 51' lang='lat'><strong>.</strong></span> 
     </span>
    </p>

    <p class='ocr_par' dir='ltr' id='par_1_7' title="bbox 240 3453 1351 3639">
     <span class='ocr_line' id='line_1_31' title="bbox 326 3453 1351 3542; baseline -0.006 -20"><span class='ocrx_word' id='word_1_233' title='bbox 326 3456 456 3538; x_wconf 77' lang='lat' dir='ltr'>Quod-⁸</span> <span class='ocrx_word' id='word_1_234' title='bbox 447 3478 482 3523; x_wconf 90' lang='grc' dir='ltr'>ιιι</span> <span class='ocrx_word' id='word_1_235' title='bbox 506 3459 568 3523; x_wconf 86' lang='grc' dir='ltr'>Θ</span> <span class='ocrx_word' id='word_1_236' title='bbox 552 3461 660 3542; x_wconf 80' lang='grc' dir='ltr'><em>-βρων</em></span> <span class='ocrx_word' id='word_1_237' title='bbox 687 3458 770 3524; x_wconf 88' lang='lat' dir='ltr'>illud</span> <span class='ocrx_word' id='word_1_238' title='bbox 794 3482 820 3540; x_wconf 85' lang='grc' dir='ltr'>μ</span> <span class='ocrx_word' id='word_1_239' title='bbox 841 3457 1005 3539; x_wconf 81' lang='lat' dir='ltr'>omittitur,</span> <span class='ocrx_word' id='word_1_240' title='bbox 1034 3455 1069 3521; x_wconf 92' lang='lat' dir='ltr'>in</span> <span class='ocrx_word' id='word_1_241' title='bbox 1099 3474 1137 3520; x_wconf 90' lang='lat' dir='ltr'>eo</span> <span class='ocrx_word' id='word_1_242' title='bbox 1167 3476 1233 3522; x_wconf 91' lang='lat' dir='ltr'>non</span> <span class='ocrx_word' id='word_1_243' title='bbox 1263 3453 1351 3537; x_wconf 80' lang='lat' dir='ltr'>magis</span> 
     </span>
     <span class='ocr_line' id='line_1_32' title="bbox 240 3551 1162 3639; baseline -0.007 -17"><span class='ocrx_word' id='word_1_244' title='bbox 240 3555 469 3624; x_wconf 84' lang='lat' dir='ltr'>offendendum</span> <span class='ocrx_word' id='word_1_245' title='bbox 491 3561 540 3622; x_wconf 91' lang='lat' dir='ltr'>est</span> <span class='ocrx_word' id='word_1_246' title='bbox 561 3575 656 3638; x_wconf 88' lang='lat' dir='ltr'>quam</span> <span class='ocrx_word' id='word_1_247' title='bbox 680 3556 707 3624; x_wconf 88' lang='lat' dir='ltr'>si</span> <span class='ocrx_word' id='word_1_248' title='bbox 728 3554 846 3622; x_wconf 88' lang='lat' dir='ltr'>idem</span> <span class='ocrx_word' id='word_1_249' title='bbox 837 3576 872 3623; x_wconf 88' lang='lat' dir='ltr'>m</span> <span class='ocrx_word' id='word_1_250' title='bbox 894 3551 1039 3639; x_wconf 78' lang='grc' dir='ltr'><strong><em>ἅβροτος</em></strong></span> <span class='ocrx_word' id='word_1_251' title='bbox 1062 3552 1162 3620; x_wconf 80' lang='lat' dir='ltr'>deest.</span> 
     </span>
    </p>

    <p class='ocr_par' dir='ltr' id='par_1_8' title="bbox 240 3645 1440 3932">
     <span class='ocr_line' id='line_1_33' title="bbox 328 3645 1349 3738; baseline -0.005 -20.769"><span class='ocrx_word' id='word_1_252' title='bbox 328 3657 511 3738; x_wconf 78' lang='grc' dir='ltr'><strong><em>Θί·-βρων</em></strong></span> <span class='ocrx_word' id='word_1_253' title='bbox 504 3703 512 3718; x_wconf 93' lang='grc'><strong>.</strong></span> <span class='ocrx_word' id='word_1_254' title='bbox 534 3658 564 3719; x_wconf 87' lang='grc' dir='ltr'>Θ</span> <span class='ocrx_word' id='word_1_255' title='bbox 566 3657 713 3737; x_wconf 75' lang='grc' dir='ltr'><em>ί-μβρων</em></span> <span class='ocrx_word' id='word_1_256' title='bbox 735 3683 779 3706; x_wconf 95' lang='lat'>=</span> <span class='ocrx_word' id='word_1_257' title='bbox 799 3648 992 3737; x_wconf 74' lang='grc' dir='ltr'><strong><em>ἄ-βροτος·</em></strong></span> <span class='ocrx_word' id='word_1_258' title='bbox 985 3700 992 3716; x_wconf 93' lang='grc'><em>.</em></span> <span class='ocrx_word' id='word_1_259' title='bbox 1014 3646 1267 3734; x_wconf 78' lang='grc' dir='ltr'><strong><em>ὁὶ-μβροτος-</em></strong></span> <span class='ocrx_word' id='word_1_260' title='bbox 1226 3691 1267 3704; x_wconf 85' lang='lat'>--</span> <span class='ocrx_word' id='word_1_261' title='bbox 1227 3645 1349 3714; x_wconf 81' lang='grc' dir='ltr'>-Πά-</span> 
     </span>
     <span class='ocr_line' id='line_1_34' title="bbox 240 3743 1440 3834; baseline -0.005 -19"><span class='ocrx_word' id='word_1_262' title='bbox 240 3756 297 3834; x_wconf 80' lang='grc' dir='ltr'>βις</span> <span class='ocrx_word' id='word_1_263' title='bbox 317 3753 448 3829; x_wconf 88' lang='lat' dir='ltr'>(nomen</span> <span class='ocrx_word' id='word_1_264' title='bbox 469 3769 528 3834; x_wconf 87' lang='lat' dir='ltr'>per</span> <span class='ocrx_word' id='word_1_265' title='bbox 549 3770 584 3817; x_wconf 90' lang='lat' dir='ltr'>se</span> <span class='ocrx_word' id='word_1_266' title='bbox 605 3749 719 3816; x_wconf 86' lang='lat' dir='ltr'>mirum</span> <span class='ocrx_word' id='word_1_267' title='bbox 741 3750 776 3817; x_wconf 91' lang='lat' dir='ltr'>in</span> <span class='ocrx_word' id='word_1_268' title='bbox 796 3750 892 3816; x_wconf 86' lang='lat' dir='ltr'>inser.</span> <span class='ocrx_word' id='word_1_269' title='bbox 906 3749 972 3816; x_wconf 90' lang='lat' dir='ltr'>ion.</span> <span class='ocrx_word' id='word_1_270' title='bbox 987 3748 1034 3814; x_wconf 85' lang='lat' dir='ltr'>st.</span> <span class='ocrx_word' id='word_1_271' title='bbox 1049 3747 1087 3828; x_wconf 85' lang='lat' dir='ltr'>V,</span> <span class='ocrx_word' id='word_1_272' title='bbox 1104 3750 1177 3829; x_wconf 80' lang='lat'><strong>259,</strong></span> <span class='ocrx_word' id='word_1_273' title='bbox 1195 3750 1226 3826; x_wconf 84' lang='lat'>5)</span> <span class='ocrx_word' id='word_1_274' title='bbox 1243 3743 1351 3826; x_wconf 54' lang='lat' dir='ltr'>:ueta-</span> <span class='ocrx_word' id='word_1_275' title='bbox 1436 3789 1440 3820; x_wconf 46' lang='lat'>2</span> 
     </span>
     <span class='ocr_line' id='line_1_35' title="bbox 242 3840 1439 3932; baseline 0.001 -21"><span class='ocrx_word' id='word_1_276' title='bbox 242 3853 298 3930; x_wconf 77' lang='grc' dir='ltr'>βις</span> <span class='ocrx_word' id='word_1_277' title='bbox 324 3847 414 3924; x_wconf 85' lang='lat' dir='ltr'><strong>(ibid.</strong></span> <span class='ocrx_word' id='word_1_278' title='bbox 438 3851 511 3929; x_wconf 81' lang='lat'><strong>258,</strong></span> <span class='ocrx_word' id='word_1_279' title='bbox 536 3851 596 3913; x_wconf 81' lang='lat'>149</span> <span class='ocrx_word' id='word_1_280' title='bbox 624 3868 682 3932; x_wconf 85' lang='lat' dir='ltr'>pro</span> <span class='ocrx_word' id='word_1_281' title='bbox 704 3844 864 3930; x_wconf 79' lang='grc' dir='ltr'>Πάμβιος</span> <span class='ocrx_word' id='word_1_282' title='bbox 886 3846 940 3911; x_wconf 87' lang='lat' dir='ltr'>ofr.</span> <span class='ocrx_word' id='word_1_283' title='bbox 963 3840 1166 3930; x_wconf 78' lang='grc' dir='ltr'>Πάμφιλος,</span> <span class='ocrx_word' id='word_1_284' title='bbox 1189 3844 1348 3929; x_wconf 81' lang='grc' dir='ltr'>Παμφᾶς).</span> <span class='ocrx_word' id='word_1_285' title='bbox 1438 3883 1439 3912; x_wconf 73' lang='grc' dir='ltr'>ι</span> 
     </span>
    </p>

    <p class='ocr_par' dir='ltr' id='par_1_9' title="bbox 327 3941 1348 4030">
     <span class='ocr_line' id='line_1_36' title="bbox 327 3941 1348 4030; baseline -0.005 -20"><span class='ocrx_word' id='word_1_286' title='bbox 327 3945 440 4010; x_wconf 83' lang='lat' dir='ltr'>Restat</span> <span class='ocrx_word' id='word_1_287' title='bbox 460 3952 496 4013; x_wconf 93' lang='lat' dir='ltr'>ut</span> <span class='ocrx_word' id='word_1_288' title='bbox 517 3944 559 4012; x_wconf 88' lang='lat' dir='ltr'>de</span> <span class='ocrx_word' id='word_1_289' title='bbox 585 3946 692 4030; x_wconf 84' lang='lat' dir='ltr'>priore</span> <span class='ocrx_word' id='word_1_290' title='bbox 713 3945 877 4016; x_wconf 86' lang='lat' dir='ltr'>nominum</span> <span class='ocrx_word' id='word_1_291' title='bbox 899 3943 1115 4028; x_wconf 84' lang='lat' dir='ltr'>propriorum,</span> <span class='ocrx_word' id='word_1_292' title='bbox 1146 3960 1231 4024; x_wconf 89' lang='lat' dir='ltr'>quae</span> <span class='ocrx_word' id='word_1_293' title='bbox 1251 3941 1348 4006; x_wconf 83' lang='lat' dir='ltr'>traete·</span> 
     </span>
    </p>

    <p class='ocr_par' dir='ltr' id='par_1_10' title="bbox 242 4035 1347 4126">
     <span class='ocr_line' id='line_1_37' title="bbox 242 4035 1347 4126; baseline -0.005 -21"><span class='ocrx_word' id='word_1_294' title='bbox 242 4040 355 4124; x_wconf 82' lang='lat' dir='ltr'>vimus,</span> <span class='ocrx_word' id='word_1_295' title='bbox 378 4048 469 4124; x_wconf 86' lang='lat' dir='ltr'>parte</span> <span class='ocrx_word' id='word_1_296' title='bbox 490 4061 595 4126; x_wconf 85' lang='lat' dir='ltr'>pauoa</span> <span class='ocrx_word' id='word_1_297' title='bbox 616 4043 716 4113; x_wconf 83' lang='lat' dir='ltr'>verba</span> <span class='ocrx_word' id='word_1_298' title='bbox 729 4041 895 4114; x_wconf 72' lang='lat' dir='ltr'>satiamus.</span> <span class='ocrx_word' id='word_1_299' title='bbox 932 4039 1065 4107; x_wconf 72' lang='lat' dir='ltr'>Oonsmt</span> <span class='ocrx_word' id='word_1_300' title='bbox 1081 4036 1169 4122; x_wconf 84' lang='lat' dir='ltr'>apud</span> <span class='ocrx_word' id='word_1_301' title='bbox 1190 4035 1347 4106; x_wconf 84' lang='lat' dir='ltr'>nonnullus</span> 
     </span>
    </p>
   </div>
   <div class='ocr_carea' id='block_1_4' title="bbox 0 0 1464 4872">
    <p class='ocr_par' dir='ltr' id='par_1_11' title="bbox 0 0 1464 4872">
     <span class='ocr_line' id='line_1_38' title="bbox 0 0 1464 4872; baseline 0 0"><span class='ocrx_word' id='word_1_302' title='bbox 0 0 1464 4872; x_wconf 95' lang='lat' dir='ltr'> </span> 
     </span>
    </p>
   </div>
  </div>
 </body>
</html>
