2978 4872
491 446 614 504 schedae
629 448 828 518 grammaticae.
1185 449 1226 512 67

94 625 209 687 natum
240 638 322 687 esse.
367 617 463 690 Ouios
493 619 719 702 explicationis
748 622 810 688 nisi
839 623 935 690 iallor
961 621 999 690 G.
1024 622 1151 690 Curtius
1179 631 1228 690 est

96 725 207 784 auctor
232 719 370 803 (lltym.⁴
391 737 422 800 p.
447 720 538 800 570);
568 716 688 800 aliique
716 738 789 786 eum
818 720 918 787 secuti
946 725 1031 787 sunt.
1075 721 1228 787 Attamen

95 835 224 899 eorum,
259 833 342 898 quae
363 832 462 898 supra
483 813 705 899 exposuimus,
733 817 858 885 ratione
887 819 1000 885 habita
1020 836 1126 901 neque
1147 818 1229 886 haec

94 932 235 998 graecae
251 911 340 978 vocis
352 910 523 995 explicatio
538 911 677 996 amplius
692 933 797 997 neque
811 915 1093 1000 indogermanioae
1107 916 1228 983 formae

96 1021 168 1074 tacu
192 1009 309 1076 similis
332 1007 517 1093 explicandi
540 1011 620 1075 ratio
643 1011 773 1094 probari
794 1033 891 1097 posse
913 1013 1050 1081 videtur.
1094 1015 1163 1089 Iam
1185 1013 1228 1079 ad

96 1117 167 1172 lacn
192 1106 423 1190 explicandum
445 1104 668 1174 Schleicherus
689 1109 723 1174 in
740 1109 850 1196 (lomp.
867 1133 898 1196 p.
910 1115 977 1178 ‘0²32
1000 1111 1102 1177 iorma
1115 1131 1226 1185 mama,

95 1225 190 1288 quam
222 1200 530 1288 ἄναδιπλασιασμῷ
561 1203 730 1271 formatam
757 1209 787 1274 ei
809 1211 912 1276 visam
935 1229 1006 1276 esse
1027 1229 1125 1293 supra
1146 1228 1229 1274 com·

95 1303 285 1384 memoravi,
309 1302 354 1368 ita
376 1323 452 1368 usus
474 1307 532 1382 est,
556 1308 591 1367 ut
606 1311 678 1366 tcca
696 1305 833 1372 similem
856 1308 890 1374 in
912 1306 1044 1373 modum
1065 1327 1106 1373 ex
1128 1307 1229 1390 stirpe

94 1400 302 1484 reduplicata
323 1409 443 1462 tvo-tvo
466 1398 722 1468 dissimilationis
737 1403 875 1485 quodam
897 1424 1016 1488 genere
1032 1409 1142 1472 natum
1157 1423 1229 1471 esse

95 1505 254 1566 censeret.
285 1496 361 1578 Sed,
385 1516 456 1562 cum
471 1496 593 1562 formae
609 1507 728 1562 tou-tou
750 1501 825 1567 talis
847 1504 1039 1586 permutatio
1054 1503 1133 1569 satis
1147 1502 1229 1584 mira

95 1598 269 1678 sitneque
290 1594 360 1660 ulla
381 1613 422 1661 ex
448 1600 541 1679 parte
570 1594 648 1661 milri
679 1597 840 1682 probetur,
870 1599 1068 1666 formatura
1097 1599 1229 1683 propius

95 1694 136 1760 ad
158 1711 260 1759 voces
282 1711 339 1758 eas
361 1692 515 1758 accedere
536 1691 616 1757 mibi
637 1693 774 1777 videtur,
804 1715 887 1778 quae
915 1697 956 1762 ab
979 1695 1230 1778 amplificatione

96 1790 216 1858 radicis
248 1789 371 1856 vocalis
407 1789 563 1872 originem
600 1796 778 1857 traxerunt.
829 1795 910 1858 Dico
945 1792 1104 1859 vocabula
1139 1791 1228 1872 talia,

97 1889 210 1971 qualia
232 1895 308 1954 sunt
328 1906 449 1953 sanson.
471 1871 748 1973 blava-aomo),
772 1889 857 1972 qnod
879 1910 901 1955 a
921 1889 991 1957 rad.
1014 1890 1083 1963 blo,
1107 1909 1229 1979 sava-m

97 1992 216 2070 (aqua),
241 1984 326 2068 quod
350 2005 371 2049 a
391 1983 460 2050 rad.
483 2005 520 2046 su
543 1985 759 2069 (exprimere),
782 1985 832 2052 nd.
854 1996 947 2050 tucca
970 1989 1120 2070 (potens),
1143 1984 1230 2069 quod

97 2083 211 2150 arad.
234 2092 268 2146 ta
290 2085 409 2167 (posse)
435 2081 610 2148 descendit.
633 2083 635 2090 ’
656 2082 750 2162 Quod
772 2085 801 2151 si
822 2085 1027 2167 probaveris,
1049 2085 1111 2152 hoc
1132 2083 1229 2151 modo

98 2182 137 2248 de
151 2180 318 2248 secundae
339 2199 499 2264 personae
522 2180 797 2263 pronominalibus
812 2182 921 2249 formis
938 2181 998 2248 erit
1011 2181 1229 2249 iudicandum.

97 2282 200 2346 Tres
223 2278 337 2344 inere
359 2277 398 2342 in
421 2277 563 2358 lingua
585 2278 924 2362 indogermanica
945 2279 1116 2364 stirpes:

188 2404 217 2478 1)
255 2408 333 2484 tu·,
364 2419 449 2483 quao
470 2400 568 2483 stirps
591 2419 632 2466 ex
653 2421 775 2468 sanscr.
798 2411 897 2466 tn-um
924 2403 990 2482 (cir.
1015 2401 1150 2485 uls-om),
1179 2401 1229 2466 nd.

99 2500 226 2563 tta-am
248 2499 301 2566 vel
324 2499 427 2564 solum
450 2506 492 2571 tc,
516 2517 563 2580 gr.
586 2496 655 2577 τού,
678 2497 727 2579 τύ,
752 2497 802 2578 uri,
824 2501 882 2566 lat.
905 2510 947 2573 tu,
971 2506 1036 2584 got.
1059 2498 1123 2577 thu,
1147 2499 1229 2565 slav.

100 2607 141 2684 ty,
168 2598 218 2663 lit.
243 2607 276 2660 tu
298 2602 407 2680 potest
427 2594 546 2678 colligi.
591 2597 642 2660 Ex
664 2616 727 2679 qua
749 2586 874 2663 ratione
896 2598 992 2663 etiam
1015 2596 1149 2662 vedicae
1170 2595 1231 2660 lin·

99 2716 181 2778 guae
203 2695 371 2776 antiquum
393 2692 672 2759 instrumentalem
694 2696 745 2757 tud
769 2698 822 2771 (ex
845 2697 942 2772 ιιι-ἂ),
972 2693 1135 2778 tua-btpom
1163 2693 1229 2768 (cir.

99 2793 290 2878 mu-byam),
318 2796 384 2875 got.
408 2788 500 2853 tiu-lc
521 2789 588 2868 (cir.
611 2789 708 2865 rai-lc,
738 2789 867 2876 ἐμέ-γε)
891 2798 924 2858 et
945 2791 1032 2854 thu-s
1054 2790 1121 2870 (cfr.
1144 2790 1229 2867 nri-s)

100 2911 119 2956 a
139 2889 332 2956 brevissima
353 2888 412 2953 illa
433 2887 533 2971 stirpe
555 2897 588 2954 tu
612 2886 758 2956 derivare
781 2889 902 2956 licebit.

185 2991 217 3064 2)
254 2993 387 3066 tava·,
418 3005 501 3069 quae
530 2986 627 3069 stirps
657 2985 779 3052 vocalis
801 3007 821 3049 o
843 2985 1093 3072 amplificatione
1115 3004 1155 3050 ex
1182 2993 1230 3047 tu·
1309 2995 1311 3006 ·

101 3085 199 3169 stirpe
221 3083 350 3168 prodiit.

185 3184 217 3258 3)
247 3187 350 3263 tva·,
374 3181 459 3264 quod
480 3186 586 3246 utrum
608 3200 649 3246 ex
671 3190 744 3244 tuna
767 3180 965 3248 decurtatum
988 3180 1057 3259 (cfr.
1079 3179 1228 3258 iadlalru,

102 3281 276 3356 ndm(a)nd,
305 3277 503 3358 dadh(a)rire
529 3279 563 3344 in
592 3297 688 3345 versu
717 3277 843 3357 vedico)
870 3298 913 3352 an
942 3297 984 3346 ex
1012 3287 1045 3340 tn
1074 3275 1188 3342 suffixo
1211 3295 1232 3339 a

103 3375 252 3442 adiuncto
275 3375 446 3441 formatum
469 3375 526 3456 sit,
557 3374 733 3442 diiudicare
759 3395 901 3460 nequeo,
931 3380 1102 3459 usurpatur
1123 3380 1229 3440 autem

103 3479 134 3538 et
154 3473 187 3539 in
217 3474 416 3557 pronominis
445 3473 625 3556 personalis
652 3471 900 3547 declinatione⁸l
930 3479 963 3538 et
983 3471 1085 3538 solnm
1115 3489 1173 3554 per
1195 3488 1231 3535 se

103 3569 145 3635 ad
172 3590 351 3656 pronomen
387 3571 604 3654 possessivum
636 3569 897 3653 significandum,
931 3569 977 3634 uti
1005 3588 1052 3650 gr.
1082 3565 1144 3644 σός
1171 3587 1230 3650 pro
1288 3605 1300 3626 .

104 3663 220 3741 *tou-s,
245 3667 295 3733 nd.
310 3667 408 3732 tbwa-
429 3666 614 3750 adhibetur,
638 3687 699 3750 quo
722 3669 818 3733 ctiam
835 3665 997 3732 Vedorum
1020 3661 1114 3745 ἅπαξ
1134 3661 1231 3747 λεγό-

106 3788 204 3846 μενον
227 3764 348 3828 todblu'e
377 3771 502 3848 special
530 3765 634 3848 (Rigv.
657 3769 687 3830 2.
710 3768 761 3831 20.
785 3769 804 3829 2
827 3775 909 3846 tcum
931 3784 972 3827 aa
992 3761 1085 3826 iadru
1107 3760 1231 3825 tooblir

172 3969 193 4033 ²)
211 3967 287 4023 Haec
299 3967 452 4033 declinatio,
464 3970 496 4021 ut
506 3965 535 4021 id
549 3965 636 4022 obiter
649 3979 861 4032 commemorem,
874 3980 891 4020 a
903 3963 1087 4035 compluribus
1099 3963 1230 4034 stirpibus

107 4047 240 4114 proficisci
255 4046 361 4104 videtur
378 4047 451 4104 hunc
468 4047 526 4104 fare
543 4047 572 4103 in
589 4047 713 4103 modum:

991 4132 1027 4186 5*
