2986 4864
458 435 499 490 De
517 435 656 490 Alcmanie
673 437 772 504 poetae
789 434 911 490 dialecto.
1187 429 1250 493 379

122 613 158 678 11.
175 614 228 690 46,
252 605 374 693 τρέφει
390 608 427 672 11.
443 611 494 673 48.
512 612 571 690 66,
594 631 625 672 ει
640 628 697 693 pro
713 631 765 672 or:
789 563 921 690 δνειρον
936 607 973 673 11.
990 612 1041 688 61,
1057 629 1131 692 pap.
1148 612 1177 673 2.
1194 614 1250 692 15,
1361 603 1364 615 ’

123 734 142 796 η
162 728 222 791 pro
238 712 259 770 ἇ
275 701 318 792 εὴ
343 705 379 771 11.
398 711 426 788 7,
450 701 575 791 ἀνάγκη
599 704 636 770 11.
654 708 704 786 81,
728 701 859 791 ἀδελφή
883 704 920 770 11.
937 709 987 786 62,
1011 709 1118 791 Κίρκη
1143 706 1180 772 11.
1198 711 1250 784 41,

123 803 272 891 μέμηνεν
295 803 331 868 11.
356 806 413 882 68,
442 798 575 889 ἡγεῖται
595 802 633 867 11.
657 805 714 884 93,
746 807 963 888 προμηθείαν
992 802 1029 868 11.
1054 807 1110 884 62,
1142 801 1250 887 δῆμος

123 904 161 969 11.
186 906 237 983 49,
261 897 494 987 ἦδυμέστατος
515 899 552 964 11.
579 903 654 982 131,
681 919 782 983 apro
805 921 842 986 p:
865 896 990 986 ἀγᾷ11.
1016 905 1090 983 121,
1122 899 1251 987 αἱματᾷ

123 1000 159 1066 11.
177 1004 235 1081 68,
260 1023 291 1064 ει
313 1018 371 1082 pro
390 1021 425 1079 p:
448 1001 544 1062 τίθει
558 997 595 1063 11.
613 1002 664 1080 45,
688 995 865 1081 κατάρχειν
880 997 917 1063 11.
934 1001 984 1079 24,
1009 996 1128 1084 φέρειν
1143 1000 1180 1066 11.
1197 1005 1249 1082 26,

125 1095 344 1180 κιθαρίσδειν
372 1095 410 1161 11.
434 1099 490 1176 35,
525 1091 653 1160 ἀείδειν
682 1094 720 1159 11.
744 1098 794 1174 57,
830 1093 1009 1178 δραμεῖται
1038 1117 1113 1181 pap.
1138 1101 1167 1162 2.
1198 1102 1249 1179 25,

123 1191 256 1282 ἡγεῖται
278 1195 315 1260 11.
336 1195 387 1275 93,
409 1203 521 1269 κεῖνος
543 1192 580 1258 11.
600 1195 648 1273 13,
672 1189 801 1269 ἐκεῖνος
823 1192 860 1258 11.
879 1197 935 1276 14,
959 1217 997 1258 ov
1021 1215 1079 1278 pro
1102 1219 1146 1260 m:
1168 1201 1251 1277 μοῦ-

124 1315 183 1357 σαι
206 1292 242 1356 11.
260 1295 311 1357 37.
335 1294 386 1372 97,
409 1297 555 1372 καμοῦσι
577 1311 651 1373 pap.
671 1295 698 1354 1.
720 1293 749 1370 2,
773 1295 922 1367 πειθοῦς
943 1291 980 1357 11.
997 1296 1048 1374 62,
1070 1291 1149 1368 τοὺς
1164 1293 1202 1358 11.
1219 1296 1251 1376 8,

121 1386 372 1456 Ὁίνοοντιάδαν
396 1388 433 1452 11.
460 1391 530 1465 117,
555 1386 652 1468 δουρὶ
674 1388 711 1451 11.
728 1391 778 1466 68,
803 1385 948 1470 γούνατα
967 1389 1007 1457 11.
1024 1394 1080 1473 36,
1105 1415 1120 1454 ε
1144 1411 1201 1474 pro
1221 1413 1250 1456 r:

123 1492 242 1551 θεοῖσι
264 1486 301 1552 11.
327 1490 377 1567 34,
398 1483 542 1568 χρύσεος
564 1485 601 1548 11.
626 1488 683 1567 34,
707 1509 726 1571 η
750 1506 809 1569 pro
832 1509 886 1550 eo:
911 1482 1050 1574 ποδώκη
1074 1509 1149 1572 pap.
1176 1493 1202 1554 1.
1220 1493 1250 1569 3,
1323 1541 1325 1552 ,

123 1579 265 1670 Εὗτείχη
289 1589 409 1668 papi.
434 1587 463 1664 6,
487 1579 577 1666 drop
601 1581 637 1646 11.
655 1585 711 1665 38,
734 1607 752 1645 τ
774 1603 831 1666 pro
848 1606 882 1647 a:
906 1579 989 1647 ποτ’
1012 1585 1050 1648 11.
1067 1589 1124 1667 41,
1149 1607 1170 1650 σ
1193 1605 1249 1668 pro

122 1705 156 1748 a:
185 1677 343 1746 εὕδουσιν
366 1681 402 1746 11.
427 1684 476 1746 60.
504 1685 530 1744 1.
550 1683 583 1760 6,
608 1678 741 1761 ἐ’χσυσιν
763 1679 800 1743 11.
825 1683 875 1759 34,
898 1679 986 1762 πρὸς
1008 1680 1045 1745 11.
1070 1687 1120 1763 52,
1144 1683 1252 1766 πρός-

124 1803 218 1843 ωπον
242 1798 318 1862 pap.
334 1781 363 1842 2.
380 1781 431 1860 21,
456 1778 493 1844 σὲ
517 1777 553 1842 11.
571 1782 628 1857 54,
652 1798 672 1840 ο
694 1797 752 1859 pro
772 1796 830 1841 oo:
852 1775 999 1858 βένθεσι
1021 1779 1057 1843 11.
1074 1783 1124 1861 66,
1147 1778 1247 1846 τόσαι

122 1878 158 1942 11.
184 1882 234 1959 74,
258 1873 337 1940 ὅσοι
360 1875 396 1940 11.
420 1878 478 1955 66,
504 1873 689 1940 metathesis
711 1871 872 1956 τέτρατον
895 1872 932 1937 11.
957 1878 1006 1956 76,
1030 1897 1173 1961 apocope
1196 1899 1249 1944 ue·

122 1975 246 2058 giecta:
274 1971 368 2056 παρὰ
390 1972 429 2037 11.
452 1977 502 2037 46.
527 1975 578 2052 24,
602 1970 758 2053 particula
781 1964 820 2034 ἂν
843 1969 880 2035 11.
904 1975 961 2054 49,
988 1974 1129 2056 vulgaria
1153 1976 1251 2041 decii-

122 2071 265 2138 nationis
295 2071 393 2134 ratio:
432 2065 544 2152 δρνεις
573 2069 609 2133 11.
636 2072 691 2150 18,
721 2077 814 2152 τρεῖς
842 2067 878 2132 11.
904 2073 960 2152 76,
993 2070 1132 2137 futurum
1166 2093 1249 2139 com·

122 2189 235 2234 mune:
273 2165 453 2242 κατοίσεις
476 2167 513 2231 11.
538 2169 588 2248 97,
618 2164 762 2250 παρέξει
783 2166 820 2230 11.
845 2169 894 2246 75,
923 2163 1114 2254 ὗπαυλήσει
1135 2171 1173 2237 11.
1198 2177 1248 2254 78,

123 2275 157 2333 ut
180 2272 288 2350 3,)10
311 2287 332 2328 ο
355 2265 457 2348 (514)
481 2271 513 2330 01
534 2264 697 2352 digamma
718 2265 900 2346 neglectum
923 2265 1115 2332 omittamus.
1160 2269 1248 2336 Haeo

121 2365 232 2430 omnia
267 2367 352 2430 recte
386 2361 505 2427 tradita
536 2380 601 2426 nou
629 2361 724 2426 facila
757 2362 923 2450 quiequam
953 2364 1140 2447 crediderit,
1175 2368 1250 2450 quia

122 2481 256 2547 prorsus
277 2467 327 2526 ent
347 2458 551 2538 incredibile,
581 2459 770 2536 diomediae
791 2459 970 2541 fragmenta
998 2464 1249 2544 corruptelarum

123 2558 271 2643 expertia
306 2557 473 2623 mansisse.
517 2556 623 2637 Atque
654 2556 818 2622 nonnuliis
854 2557 932 2621 locis
968 2558 1087 2624 menda
1123 2560 1249 2626 facilem

123 2658 247 2722 habent
286 2655 502 2736 cognitionem
534 2653 625 2718 libris
657 2654 740 2718 inter
773 2652 1001 2719 reconditiores
1034 2662 1066 2720 01
1099 2657 1250 2740 vulgares

122 2755 243 2821 formas
257 2751 484 2817 fluctuantibus
499 2751 552 2814 vei
568 2756 668 2815 metro
684 2750 889 2817 adversante.
920 2749 1043 2831 έχοοοα
1058 2773 1115 2837 pro
1132 2752 1249 2832 ’έχοιοα

123 2851 160 2918 11.
184 2856 243 2929 34,
273 2844 457 2932 οὐρανέαφι
485 2868 542 2931 pro
572 2843 743 2932 ὠρανέαφι
772 2847 810 2912 11.
834 2851 889 2928 59,
919 2846 1038 2914 σάλιοι
1060 2849 1096 2915 11.
1125 2855 1161 2914 13
1191 2871 1249 2934 pro

125 2948 278 3025 οάλεσσι,
301 2944 402 3021 τόσος
419 2945 530 3020 (schol.
547 2945 639 3009 Hom.
656 2944 707 3018 il.)
729 2965 787 3027 pro
802 2943 927 3022 τόσσος
942 2967 1017 3030 pap.
1034 2951 1063 3011 2.
1081 2950 1131 3026 31,
1154 2947 1249 3032 παρὰ

124 3067 181 3130 pro
205 3043 275 3127 πὰρ
298 3043 336 3108 11.
359 3045 411 3122 46,
438 3035 478 3105 δν
501 3062 559 3125 pro
582 3039 643 3106 κὰν
666 3042 702 3108 11.
726 3045 766 3104 42
789 3042 864 3107 alia.
909 3041 1028 3110 Contra
1049 3045 1115 3110 alia
1137 3053 1249 3130 metro,

123 3142 302 3210 certissimo
325 3139 414 3220 duce,
438 3140 627 3222 probantur:
651 3142 853 3222 τέτρατον
870 3141 907 3206 11.
923 3145 974 3224 76,
997 3143 1121 3208 τόσαι
1144 3143 1180 3209 11.
1197 3148 1249 3227 74,

125 3238 330 3308 εὕδουσιν
353 3238 390 3303 11.
414 3241 465 3301 66.
492 3243 525 3318 1,
556 3232 733 3322 Εὐτείχη
757 3258 832 3321 pap.
859 3243 885 3302 1.
910 3242 944 3319 6,
970 3239 1150 3327 Ιποδώκη
1174 3263 1250 3327 pap.

126 3345 152 3402 1.
178 3341 208 3417 3,
233 3331 375 3418 ὄρνεις
398 3334 435 3399 ir.
461 3336 517 3399 18.-
550 3333 639 3411 Quae
660 3355 720 3400 nos
742 3343 961 3417 praemonent,
986 3356 1027 3401 ue
1049 3339 1143 3403 nimis
1165 3339 1253 3404 iesti-

124 3441 241 3502 nanter
270 3431 401 3497 de-irao
423 3450 458 3496 re
482 3431 679 3513 judicemus,
710 3431 768 3495 sed
798 3430 968 3512 diligenter
995 3435 1103 3497 omnia
1130 3436 1250 3499 exami-

124 3552 248 3600 nemus.
280 3530 353 3594 Non
375 3547 525 3611 magnam
541 3529 711 3593 utilitatem
726 3526 769 3592 ad
792 3528 876 3592 hano
893 3530 1113 3611 quaestionem
1134 3531 1251 3599 afferre

123 3635 233 3715 potest
253 3632 426 3692 metrorum
448 3625 546 3711 10110,
576 3646 651 3690 narn
674 3645 865 3708 quamquam
888 3624 955 3690 fiori
978 3628 1097 3710 potuit,
1121 3630 1249 3694 111110-

124 3749 201 3794 man
223 3726 258 3790 in
281 3723 475 3788 carminibus
497 3724 563 3789 suia
577 3743 643 3788 non
659 3721 795 3788 eandem
811 3742 937 3806 semper
953 3723 1081 3788 dialecti
1096 3725 1251 3792 miscendi

123 3827 283 3892 rationem
306 3827 492 3903 sequeretur
514 3818 795 3902 (quemadmodum
813 3819 985 3884 Pindarum
1008 3820 1050 3884 ad
1073 3822 1249 3888 carminum

124 3921 274 3988 modulos
285 3919 456 3985 dialectum
469 3925 666 4000 temperasse
679 3918 841 3982 Hermann
854 3925 886 3981 et
898 3917 1029 3982 Boeckh
1041 3916 1249 4002 judicarunt),

124 4026 235 4086 tamen
265 4017 387 4082 leviora
409 4021 494 4082 oerte
516 4015 642 4104 suerunt
664 4015 743 4080 haec
766 4013 962 4095 discrimina,
993 4034 1088 4096 quam
1111 4020 1250 4099 quaein
