2986 4864
222 386 285 448 408
745 381 822 450 auge

222 561 367 627 umbrica
396 558 536 639 nullum,
566 556 599 621 in
629 576 703 622 osca
731 557 865 640 fortasse
893 553 1016 634 aliquot
1039 553 1188 634 exempla
1211 557 1341 632 exstare,

223 659 278 725 nbi
301 657 460 723 ablativus
483 653 588 721 nudus
610 655 739 720 locativi
761 654 825 718 vim
849 651 977 716 babeat.

311 754 436 820 Dixerit
456 752 591 818 fortasse
614 752 772 835 quispiam
788 747 979 816 sententiam
1003 766 1107 812 meam
1129 747 1245 812 falsam
1268 767 1345 829 esse,

225 852 301 936 quia
330 873 395 918 non
427 871 498 932 raro
528 850 688 915 ablativus
718 869 788 915 cum
812 845 1050 930 praepositione
1073 845 1260 911 coniunctus
1283 865 1346 910 ver·

224 950 289 1016 sari
312 948 435 1032 aliquid
457 948 565 1031 aliquo
593 947 663 1012 loco
686 945 851 1029 significet.
897 942 998 1008 Huius
1021 943 1066 1010 rei
1091 943 1240 1028 exempla
1262 949 1346 1008 sunt:

315 1051 343 1122 1)
367 1067 406 1130 op
429 1046 541 1108 toatod
561 1050 679 1123 (coram
702 1044 832 1127 populo)
856 1048 878 1106 t.
900 1041 936 1106 B.
964 1045 1012 1106 tc.
1046 1039 1087 1124 alp
1110 1038 1200 1103 elsbrl
1219 1039 1350 1104 soloru-

225 1141 303 1208 lrbld
321 1143 420 1227 (apud
442 1142 521 1208 illud
544 1143 710 1216 sacellum)
734 1139 767 1206 O.
792 1143 829 1205 A.
857 1141 905 1203 13.

313 1244 343 1315 2)
362 1261 428 1319 pro
451 1239 624 1302 meddixud
645 1244 713 1320 ipro
736 1238 936 1320 magistratu)
961 1236 1025 1302 tab.
1048 1237 1131 1320 Agn.
1160 1239 1208 1300 13.

364 1358 426 1421 pru
448 1335 625 1400 medicatori
645 1341 666 1400 t.
691 1338 728 1400 A.
753 1339 804 1400 23.

202 1492 206 1500 .
313 1436 343 1511 3)
364 1443 439 1518 post
459 1455 541 1496 eaor
561 1433 599 1498 Α.
617 1433 651 1498 Β.
669 1435 697 1514 8,
715 1435 755 1497 23
779 1432 946 1514 (posthac).
976 1430 1052 1515 plcet
1062 1429 1188 1513 seiblrls
1204 1430 1238 1496 (l.
1256 1434 1295 1496 A.
1313 1436 1352 1496 45

228 1537 313 1615 (post
336 1529 433 1607 ficos).
463 1572 465 1577 ,

313 1629 447 1704 Multum
468 1633 575 1694 autem
603 1627 736 1692 interest
756 1625 839 1692 inter
862 1646 968 1693 casum
994 1626 1132 1708 aliquem
1155 1625 1242 1691 nude
1272 1627 1352 1710 posi·

227 1734 293 1792 tum
317 1745 462 1808 eumque,
486 1725 539 1809 qui
562 1746 632 1791 cum
655 1723 891 1809 praepositione
909 1724 1119 1807 coniungitur.
1156 1725 1240 1790 Nam
1264 1743 1351 1807 prae·

227 1825 421 1910 positionum
452 1823 555 1906 qualis
583 1843 696 1889 sensus
728 1822 849 1906 primus
877 1821 987 1903 tuerit,
1022 1822 1190 1887 nescimus.
1236 1823 1352 1888 Nonne

228 1923 345 1988 latinus
367 1909 458 2002 ususss
483 1921 658 1986 secundum
682 1940 775 2002 quem
800 1939 961 2002 prosumo
984 1919 1021 1982 ab
1043 1919 1120 1982 urbe
1143 1926 1176 1985 et
1194 1940 1353 2003 prosumo

229 2018 398 2082 adactam
421 2017 528 2084 dicere
550 2019 640 2099 licet,
670 2020 740 2085 luce
763 2017 880 2083 clarius
903 2016 1100 2100 demonstrat
1122 2013 1261 2083 eandem
1285 2037 1352 2082 sen·

228 2117 361 2182 tentiam
377 2115 513 2182 diversis
535 2114 826 2199 praepositionibus
841 2113 995 2180 adhibitis
1018 2115 1150 2198 proferri
1173 2115 1292 2197 posse?
1314 2115 1354 2177 ad

229 2208 336 2296 artem
359 2215 386 2279 si
409 2212 532 2293 dicitnr,
562 2221 667 2295 potest
688 2213 749 2296 hoc
771 2211 859 2276 haud
882 2210 979 2277 dubie
999 2211 1182 2295 germaniae
1204 2213 1286 2277 verti
1307 2211 1354 2274 bei

153 2315 158 2324 '
230 2311 288 2374 der
310 2310 407 2374 Stetit
426 2345 467 2356 -
491 2308 576 2393 apud
586 2309 712 2392 sorum,
737 2309 780 2371 od
790 2307 908 2391 soram
930 2308 1016 2374 idem
1035 2317 1084 2375 est
1106 2308 1191 2391 quod
1214 2310 1246 2386 ia
1259 2308 1349 2392 soro,

230 2414 372 2473 attamen
394 2426 458 2471 non
482 2408 604 2490 estqui
628 2407 728 2486 dicat,
759 2408 973 2472 accusativum
1000 2408 1102 2473 solum
1131 2407 1263 2472 looativi
1286 2427 1351 2472 sen·

230 2526 300 2574 sum
329 2525 463 2586 usquam
492 2506 664 2588 accepisse.
710 2505 802 2570 Hanc
829 2506 951 2571 iurem
975 2505 1001 2570 si
1024 2505 1203 2570 accuratius
1226 2505 1350 2586 inquiri-

230 2624 316 2685 mus,
346 2608 481 2686 apparet
504 2621 611 2667 eorum
641 2602 826 2684 verborum,
856 2621 939 2684 quae
967 2608 1041 2666 sunt
1070 2622 1146 2684 oper
1173 2603 1218 2672 cd
1239 2602 1354 2677 arbom,-

231 2720 358 2768 seusum
382 2699 605 2782 primigenium
629 2700 725 2765 fuisse
742 2700 799 2763 der
814 2699 930 2776 Actor,
954 2699 1011 2761 der
1024 2699 1092 2762 siclt
1115 2699 1162 2760 btr
1183 2720 1245 2761 aar
1262 2699 1352 2764 Stadt

230 2797 386 2880 biazielrt3
408 2797 538 2860 semmei
551 2818 606 2860 osa
621 2797 842 2882 deoeiqmahe
856 2798 941 2862 beim
954 2798 1056 2870 Altarl
1080 2796 1160 2859 noha
1175 2817 1245 2859 nom
1261 2797 1354 2860 Alter
1473 2778 1474 2798 ¹

232 2916 289 2958 aas
308 2893 484 2979 perecbnct.

317 2990 423 3069 Quare
451 2990 641 3056 senteutiam
664 2992 807 3074 protero,
838 3011 933 3074 quam
962 3008 1071 3056 veram
1100 3010 1173 3056 esse
1200 2991 1353 3075 imprimis

233 3087 389 3170 Georgius
418 3087 559 3168 Curtius,
590 3089 740 3174 magister
767 3088 1105 3169 benevolentissime,
1135 3089 1168 3152 in
1198 3090 1353 3172 colloquio

233 3185 310 3250 mibi
333 3183 500 3268 persuasit.
531 3185 604 3249 Non
627 3186 722 3250 modo
745 3186 906 3252 ablativus
930 3185 1010 3257 (sive
1032 3186 1200 3261 looativus)
1223 3187 1354 3270 pluralis

233 3282 348 3364 effecit,
372 3287 406 3346 ut
429 3281 524 3347 etiam
542 3282 703 3348 ablativus
719 3284 890 3367 singularis
912 3284 944 3348 in
970 3283 1082 3366 lingua
1103 3281 1205 3348 latina
1227 3285 1353 3350 locativi

231 3382 304 3447 loco
326 3387 540 3463 usurparetur,
564 3400 696 3463 quorum
719 3383 883 3463 utriusque
905 3400 1003 3446 casus
1019 3381 1140 3446 formae
1162 3382 1270 3464 priore
1293 3383 1354 3466 qui-

232 3479 305 3544 dem
329 3485 472 3561 tempore
494 3479 701 3560 differebant,
726 3479 783 3545 sed
806 3480 902 3544 ctiam
925 3479 1216 3562 praepositionibus
1239 3480 1356 3546 additis

232 3575 374 3642 ablativi
396 3575 445 3641 vis
476 3574 644 3640 debilitata
672 3576 907 3658 quodammodo
941 3584 1038 3658 atque
1071 3576 1195 3640 minuta
1226 3586 1291 3658 est,
1324 3585 1356 3642 ut

233 3680 404 3755 postremo,
428 3680 597 3756 postquam
612 3671 734 3739 formae
748 3694 875 3757 quoque
890 3674 1119 3754 confluxerunt,
1143 3673 1306 3740 ablativus
1328 3682 1357 3741 et

232 3771 389 3836 looativus
417 3770 485 3835 iere
514 3772 611 3853 plane
640 3772 836 3839 commisceri
865 3779 997 3856 possent
1029 3769 1183 3851 (Curtius,
1215 3772 1356 3839 Erlaute·

233 3872 373 3948 rungen2
394 3887 468 3951 pag.
487 3870 570 3943 176).
608 3868 721 3950 Itaque
736 3869 870 3936 fortasse
885 3870 1001 3934 tactum
1018 3874 1075 3951 est,
1093 3874 1127 3933 nt
1144 3868 1177 3932 in
1193 3889 1270 3935 osca
1285 3891 1357 3954 quo·

234 3981 296 4044 que
324 3963 439 4046 lingna·
461 3965 630 4048 aliquoties
659 3967 819 4033 ablativus
846 3969 977 4033 locativi
1005 3985 1137 4032 munere
1164 3967 1356 4050 fungeretur.
