2986 4864
229 405 290 468 362
740 409 832 480 Spiese

227 589 412 672 conjectura
426 589 516 653 illam
532 588 741 654 mutationem
757 592 822 652 tam
838 586 904 652 lale
922 590 1085 669 patentem
1101 585 1216 652 iecisse
1240 593 1354 669 putan-

228 686 287 752 dus
310 691 375 768 est3
404 693 529 752 etcum
552 685 604 751 bic
624 683 838 768 aequabiliter
859 703 971 749 omnes
991 684 1186 749 recentiores
1212 685 1354 768 proprie·

227 792 310 852 tates
338 783 507 851 Boeoticae
540 784 671 850 dialecti
704 788 900 867 appareant,
934 781 1022 864 apud
1050 786 1194 848 nostrum
1224 789 1352 864 poetam

227 903 309 950 unus
331 888 454 948 tantum
477 901 519 948 ex
540 881 768 948 recentioribus
790 879 990 947 Laconismis
1012 881 1045 943 in
1068 878 1213 944 earmina
1243 879 1352 946 illatus

228 988 285 1062 est,
308 1000 373 1045 non
396 999 446 1046 ex.
469 999 515 1062 gr.
539 1002 577 1044 ov
600 1000 659 1063 pro
679 1002 715 1056 ο,
746 976 831 1060 quod
861 983 893 1044 et
917 976 951 1040 in
974 974 1135 1042 Corinnae
1157 977 1352 1042 carminibus

227 1078 360 1145 extabat
386 1085 418 1144 et
446 1078 479 1142 in
504 1075 728 1161 Aristophanis
758 1075 873 1158 glossis
898 1072 1083 1157 Laconicis3
1111 1093 1154 1140 ne
1177 1096 1199 1138 σ
1222 1074 1352 1158 quidem

226 1175 309 1241 inter
341 1175 470 1241 vocales
503 1174 679 1241 delebatur.
722 1173 815 1238 Hanc
843 1172 883 1238 ob
917 1191 1047 1238 oausam
1080 1170 1123 1236 ad
1156 1177 1286 1256 tempus
1319 1173 1352 1237 in

226 1272 333 1338 medio
355 1273 541 1355 reliquimus
563 1291 645 1355 rem;
677 1271 734 1337 sed
758 1270 934 1352 videamus,
958 1290 1034 1335 nnm
1057 1289 1097 1336 cx
1121 1269 1202 1352 ipsis
1225 1271 1353 1336 Alcma-

226 1370 318 1436 nioae
346 1370 452 1454 poesis
479 1370 623 1452 reliquiis
650 1367 772 1451 aliquid
791 1367 909 1450 'colligi
938 1367 1055 1450 possit,
1086 1388 1161 1434 nam
1189 1388 1256 1433 non
1280 1387 1351 1434 oon·

226 1474 348 1534 stanter
375 1469 409 1533 in
437 1467 554 1534 nostris
576 1467 762 1549 fragmentis
786 1488 807 1531 σ
829 1484 887 1548 pro
909 1469 938 1529 θ
959 1465 1124 1548 reperitur.
1170 1466 1221 1530 Ea
1244 1474 1378 1532 autem·

212 1564 334 1630 omnia
348 1565 536 1644 omittemus,
559 1565 594 1629 in
609 1563 723 1646 quibus
737 1565 883 1630 Lacones
897 1567 927 1627 θ
941 1563 1071 1629 omnino
1087 1583 1152 1628 non
1175 1570 1349 1647 mutarunt,

226 1662 278 1728 ubi
301 1681 372 1728 curn
388 1662 467 1729 aliis
489 1661 638 1728 consonis
661 1661 748 1728 bisce
769 1660 873 1728 modis
890 1661 1094 1744 conjunctum
1110 1666 1175 1726 est:
1200 1665 1261 1739 σθ,
1285 1665 1349 1746 φθ,

224 1762 280 1835 νθ,
304 1759 361 1838 θλ,
384 1763 447 1842 up,
471 1780 553 1842 quae
574 1761 652 1826 satis
673 1759 855 1842 frequenter
877 1759 1036 1840 leguntur.
1067 1757 1174 1822 Etiam
1197 1757 1350 1824 traditum

225 1862 287 1937 est,
317 1876 380 1921 non
403 1864 559 1923 mutatum
582 1877 653 1924 esse
674 1861 711 1936 θ,
737 1858 764 1922 si
786 1875 924 1939 sequens
947 1855 1075 1940 syllaba
1096 1875 1117 1919 a
1139 1875 1161 1918 σ
1182 1855 1350 1940 inciperet,

224 1973 358 2036 quocum
394 1962 573 2038 congruunt
601 1955 787 2020 Alcmanica
822 1952 986 2036 exempla:
1027 1949 1204 2028 Θεσσαλὸς
1237 1952 1275 2017 44.
1299 1957 1348 2036 25,

227 2052 406 2136 Θεσσαλίῳ
427 2053 464 2116 44.
488 2055 538 2135 95,
562 2050 757 2119 ἐπιθέσθαι
778 2051 815 2116 44.
839 2055 893 2128 64,
917 2046 1122 2114 ἀποθέσθαι
1144 2049 1181 2114 44.
1204 2051 1259 2132 91,
1282 2049 1350 2137 θή-

225 2168 288 2212 οαο
322 2148 426 2220 (codd.
449 2154 567 2226 θεῖσα)
598 2151 635 2214 44.
659 2155 709 2215 34.
755 2152 804 2216 lla
833 2167 908 2213 vero
939 2145 1159 2212 enumeranda
1191 2155 1282 2228 sunt,
1317 2149 1349 2214 in

224 2244 338 2325 quibus
360 2247 568 2312 mutationem
584 2247 702 2312 factam
717 2266 788 2312 esse
802 2245 929 2311 seimus.
959 2243 1120 2310 Laconica
1142 2243 1238 2309 litera
1255 2251 1349 2310 utun·

223 2348 282 2421 tur,
313 2360 395 2424 quae
416 2362 437 2408 a
458 2347 486 2406 θ
507 2345 604 2427 vulgo
632 2345 804 2427 incipiunt:
845 2338 1209 2421 uutooooptdorc'
1235 2343 1272 2407 44.
1298 2345 1348 2422 84,

223 2436 402 2505 odiosus
431 2440 468 2505 44.
496 2445 548 2522 13,
581 2439 730 2506 σάλλει
750 2441 788 2505 44.
811 2439 964 2519 lli-(cod.
989 2432 1071 2515 ὅκας
1101 2433 1177 2502 ἀλλ’
1203 2437 1235 2504 εἰ
1263 2441 1347 2522 μέν),

223 2542 326 2602 σιῶν
349 2557 424 2622 pap.
446 2542 475 2604 2.
499 2543 518 2604 2
542 2557 611 2604 cum
635 2559 698 2604 vox
721 2537 919 2622 praecedens
941 2538 974 2602 in
998 2559 1015 2613 ς
1036 2543 1131 2602 exeat
1152 2539 1217 2613 (τις
1241 2540 1347 2617 σιῶν),

222 2628 445 2719 lips-otoo,
469 2657 544 2720 pap.
571 2642 597 2703 1.
629 2642 657 2702 7.
716 2632 893 2720 Σεράπνας
931 2635 969 2699 44.
997 2638 1017 2698 4
1050 2632 1281 2700 Schneidewin
1319 2642 1349 2702 et

222 2732 331 2814 Bergk
367 2735 563 2817 scripserunt
598 2734 768 2800 mdical
801 2732 955 2798 Prisciani
991 2727 1158 2815 εὐιυρχιιν
1195 2755 1348 2814 εραπνας

140 2828 143 2834 ’
221 2831 406 2912 praebente
450 2831 569 2898 (lontra
591 2837 619 2896 θ
641 2837 745 2898 extat:
768 2835 897 2916 θένῃς
920 2829 956 2894 14.
973 2831 1013 2894 38
1035 2827 1074 2894 ol.
1091 2833 1189 2914 σιγῆν
1211 2829 1347 2918 Lysistr.

225 2929 315 3008 1004,
339 2927 527 3014 θυγατὴρ
550 2930 588 2995 44.
605 2933 655 2995 45.
680 2932 730 2994 48.
755 2933 804 3004 bl.
829 2931 879 2991 59.
904 2930 944 2991 62
977 2931 1113 3012 θῆρες
1136 2925 1172 2989 44.
1192 2929 1244 3006 60,
1268 2932 1347 3013 θη-

222 3028 302 3105 ρῶν
325 3024 361 3090 44.
377 3029 417 3091 20
440 3027 478 3092 ci.
500 3025 681 3113 σηροκτόνε
705 3027 838 3109 Lysistr.
864 3027 954 3104 1262,
978 3027 1114 3107 θέρος
1135 3022 1172 3100 44.
1196 3027 1249 3105 76,
1272 3029 1347 3090 θε-

222 3118 405 3204 ράποντε
429 3123 553 3204 44101,
577 3122 780 3188 θιάσοισι
802 3123 839 3188 14.
863 3126 914 3204 24,
938 3126 1088 3187 θεοῖσι
1110 3119 1146 3184 44.
1171 3123 1223 3203 34,
1250 3143 1347 3186 ουν·
1378 3147 1382 3156 ·

220 3221 404 3298 θέμενος
434 3219 470 3285 44.
497 3224 533 3284 17
548 3271 549 3274 ,
566 3222 605 3286 cl.
635 3227 721 3287 σέτω
751 3221 883 3305 Lysistr.
911 3223 1001 3284 1081.
1045 3216 1202 3282 lucentius
1230 3215 1346 3296 θάκας

219 3313 257 3380 44.
281 3318 331 3380 87.
361 3317 469 3382 -·In
498 3318 612 3398 mediis
640 3319 806 3385 vocabulis
831 3319 914 3384 inter
934 3315 1064 3381 vocales
1093 3334 1237 3398 papyms
1267 3317 1346 3382 baec

220 3415 369 3495 exempla
391 3414 536 3482 exbibet:
574 3414 711 3482 πόσον
734 3421 764 3481 2.
791 3423 817 3496 1,
845 3413 1066 3480 Λύκαισον
1091 3418 1118 3476 1.
1143 3415 1172 3476 2.
1217 3413 1345 3480 Deinde

220 3508 237 3575 έ
245 3533 293 3596 οη
304 3536 347 3577 κε
364 3512 399 3578 44.
413 3516 464 3578 70.
496 3513 645 3579 Alcmani
659 3513 808 3579 tribuitur
822 3513 974 3598 Hesycbii
989 3511 1099 3595 glossa
1114 3505 1343 3577 Ἀσαναίων.

218 3608 489 3676 Porolissum
511 3612 631 3696 scripta
652 3617 741 3694 sunt:
771 3607 1050 3695 κιθαρίσδειν
1072 3609 1109 3674 44.
1133 3611 1184 3689 35,
1215 3613 1343 3673 κιθα-

219 3711 368 3790 ρέσσαν
391 3708 428 3774 44.
452 3713 507 3790 66,
541 3715 726 3785 πειθοῦς
748 3709 785 3773 44.
809 3711 867 3788 62,
897 3705 1002 3773 ἕθεν
1023 3707 1061 3773 44.
1085 3709 1142 3786 69,
1172 3729 1342 3793 προμη-

217 3808 346 3881 θείας
368 3805 405 3871 44.
429 3810 479 3871 62.
525 3808 601 3874 Post
623 3833 641 3891 ρ
664 3807 765 3874 semel
787 3805 904 3888 legitur
926 3825 962 3868 o:
985 3806 1222 3888 παρσένοις
1246 3805 1340 3878 (Max.

219 3899 310 3965 Plan.
333 3898 416 3986 παρ’
441 3900 477 3968 o'
495 3903 585 3982 ἓνοις
609 3905 658 3971 vel
682 3900 740 3970 ἐπ’
765 3899 922 3985 ἀρσένοις
945 3901 1042 3967 Prisc.
1065 3903 1280 3984 παρθένοις),
1303 3899 1339 3964 cl.

218 4001 366 4078 παρσένε
382 4004 516 4086 Lysistr.
532 4006 627 4086 12635
649 4007 761 4067 contra
776 4006 819 4065 θι
842 3995 1085 4083 παρθενικαί
1108 3998 1143 4064 44.
1161 3999 1213 4077 26,
1237 4019 1339 4079 παρ-
