2968 4866
464 427 507 482 De
524 427 662 484 Alemanis
679 432 777 498 poetae
793 427 917 484 dialecto.
1193 425 1254 488 347

128 604 340 688 reperiuntur.
371 603 476 670 Unum
500 606 678 689 κηρίναν
700 604 738 669 fr.
756 608 794 667 75
812 603 921 685 affero,
945 603 1020 688 quia
1042 604 1151 686 Bergk
1173 603 1258 686 frag·

128 710 271 769 mentum
301 705 338 765 41
373 701 528 784 supplens
557 698 660 783 καρὸν
687 701 762 786 χερὶ
794 699 974 787 daphnona
1003 700 1144 785 scripsit,
1182 702 1256 767 huie

129 801 198 867 soei
214 799 407 865 atribuere.
441 798 506 865 Sed
528 795 632 884 κηρὸν
655 798 767 884 optimi
789 798 863 864 libri
885 798 1018 865 Pindari
1039 805 1072 865 et
1094 797 1256 866 Theocriti

128 898 383 979 [Peterl.l.15;
406 896 576 962 Morsbaoh
598 896 640 962 de
662 896 739 962 dial.
755 898 945 964 Theooritea
967 917 998 980 p.
1015 899 1068 973 35)
1092 896 1255 977 exhibent,

128 1016 211 1078 quae
232 995 336 1062 torma
358 994 597 1078 comparatione
619 993 740 1060 latinae
767 995 899 1078 linguae
921 998 1020 1072 (cero)
1041 993 1255 1060 confirmatur.

128 1093 259 1158 Nullius
281 1100 387 1158 autem
406 1091 559 1157 momenti
582 1097 639 1171 est,
664 1092 749 1174 quod
772 1093 806 1158 iu
821 1092 1055 1159 Anacreontioo
1075 1098 1112 1157 10
1135 1091 1253 1176 aliquis

129 1188 305 1272 δωριάζων
328 1193 530 1274 καροτέχναν
553 1190 614 1255 sibi
636 1190 738 1256 finxit.
762 1225 804 1236 -
826 1187 1037 1274 βροτήσια
1059 1190 1096 1254 fr.
1116 1193 1167 1271 47,
1192 1208 1254 1272 quo

128 1287 225 1354 etiam
253 1287 411 1353 Pindarus
436 1307 513 1353 usus
540 1294 604 1369 est,
638 1289 765 1372 poetioa
793 1308 857 1354 vox
887 1295 950 1369 est,
984 1287 1018 1352 in
1047 1306 1194 1354 sermone
1224 1293 1256 1354 et

127 1384 361 1451 consuetudine
381 1385 571 1468 quotidiana
592 1405 658 1450 non
687 1393 856 1469 usurpata3
881 1385 991 1468 itaque
1014 1383 1131 1450 Dorica
1152 1384 1254 1449 torma

127 1483 258 1547 omnino
280 1501 439 1566 apparere
459 1503 525 1549 non
547 1483 659 1567 potuit.

213 1578 292 1644 (lum
322 1579 511 1663 saepissime
539 1580 627 1664 apud
655 1582 758 1647 Dores
780 1603 802 1644 α
824 1600 883 1664 pro
910 1580 1037 1662 vulgari
1061 1603 1080 1664 η
1105 1587 1252 1663 ponatur,

127 1677 321 1743 eontrarium
354 1678 525 1758 invenitur,
559 1679 613 1744 ubi
646 1680 776 1744 vocales
805 1701 845 1742 αε
876 1701 919 1763 ap
952 1682 1137 1742 eontraetae
1169 1684 1252 1742 sunt.

79 1783 84 1794 ‘
126 1775 220 1840 Hune
236 1774 417 1840 Dorismum
440 1781 549 1841 servat
563 1777 760 1854 Theocritus,
783 1774 932 1859 repudiat
952 1773 1122 1839 Pindarus.
1158 1772 1253 1855 Apud

126 1874 315 1938 Alcmanem
331 1873 467 1954 legimus
489 1879 671 1959 ποτῆται
693 1874 730 1938 ir.
746 1876 804 1956 263
827 1869 1033 1956 ποτήοθω
1057 1874 1252 1954 pap.·1.16;

127 1967 173 2055 ἑῇ
203 1989 277 2052 pap.
309 1973 338 2034 2.
365 1974 421 2051 113
457 1964 531 2054 ὁρῇ
539 1995 556 2047 ς
584 1991 658 2054 pap.
688 1975 717 2035 2.
743 1975 792 2036 16.
844 1971 994 2034 Fortasse
1022 1969 1084 2033 huo
1113 1968 1253 2051 pertinet

128 2065 299 2152 δρυφῆται
328 2066 365 2130 lr.
390 2072 430 2131 70
439 2115 447 2147 ,
481 2087 546 2132 vox
579 2068 713 2134 aliunde
741 2088 806 2133 non
835 2066 973 2149 cognita.
1025 2066 1115 2130 Duae
1144 2065 1253 2148 hujus·

125 2165 214 2230 modi
241 2164 363 2229 formae
383 2189 407 2227 α
429 2167 585 2248 praebent
610 2161 690 2252 ἀμᾷ
711 2166 748 2230 ir.
774 2169 839 2247 121,
863 2163 980 2240 (Onam.
1004 2163 1126 2230 Aneod.
1149 2161 1252 2229 Oxon.

126 2263 216 2326 155.
240 2265 257 2324 7
285 2254 417 2344 Ἀνάζω
528 2260 567 2326 τὸ
593 2261 776 2345 θαυμάζω,
807 2259 893 2343 ὅπερ
923 2259 1017 2345 παρὰ
1046 2257 1126 2345 dyo,
1157 2258 1249 2326 ’ἐστιν

127 2358 164 2424 δὲ
188 2351 274 2442 παρ’
296 2353 474 2439 Ἀλκμᾶνι·
497 2355 615 2424 Αὐτὸν
638 2357 716 2447 ἀμᾷ)
740 2367 772 2427 et
794 2362 828 2425 in
850 2359 1012 2424 trochaico
1033 2379 1128 2426 versu
1142 2358 1251 2441 Δουρὶ

127 2455 164 2522 δὲ
188 2455 297 2541 ξυστῷ
318 2461 465 2542 μέμηνεν
487 2454 582 2533 Αἴας
610 2456 694 2538 αἵμα
715 2453 758 2521 τά
779 2481 815 2522 τε
839 2455 971 2539 μέμνων
996 2456 1161 2522 Hermann
1183 2454 1251 2519 ori-

125 2559 234 2639 ματᾷ
257 2554 442 2620 emendavit
464 2553 703 2625 (Schneidewin
719 2552 846 2635 oipdro
869 2554 1027 2636 requirit);
1048 2554 1181 2618 verbum
1197 2550 1251 2615 αἱ·

125 2650 244 2734 ματάω
267 2651 332 2715 alio
355 2653 426 2716 looo
448 2671 513 2716 non
532 2652 697 2734 reperitur,
721 2649 780 2716 sed
794 2648 958 2732 αἱματόω,
981 2656 1016 2714 ut
1030 2658 1136 2715 cetera
1151 2649 1252 2714 verba

50 2785 54 2792 -
124 2750 159 2814 in
183 2773 230 2813 αω
253 2751 420 2830 exeuntia,
449 2749 619 2814 transitiva
641 2747 882 2831 significatione.
904 2783 945 2794 -
967 2749 1081 2829 Aequa
1101 2748 1157 2812 lex
1179 2764 1253 2810 oon·
1316 2829 1322 2838 ³

125 2848 291 2914 tractionis
312 2848 400 2912 valet
421 2847 454 2910 in
478 2847 577 2926 erasi,
605 2846 696 2928 eujus
719 2848 799 2910 haee
821 2845 923 2910 habes
945 2846 1111 2927 exempla:
1148 2838 1251 2929 κήπὶ

125 2946 163 3010 ir.
187 2949 238 3027 70,
261 2939 336 3030 κήν
359 2943 396 3008 ir.
421 2949 471 3024 74,
495 2939 684 3029 κήράτων
706 2943 817 3025 tr.18;
840 2939 1031 3007 eontrarium
1054 2943 1188 3007 nullum'.
1209 2975 1251 2986 -·

125 3042 191 3108 Sed
220 3045 261 3106 ἇο
291 3041 386 3106 etiam
415 3041 503 3124 apud
532 3043 634 3105 Dores
661 3041 694 3105 in
725 3065 746 3118 α
775 3048 957 3106 contractae
986 3059 1057 3105 esse
1086 3038 1253 3106 videntur:

124 3138 221 3216 ἅλιος
243 3157 319 3223 pap.
338 3142 368 3202 2.
392 3144 410 3203 7
434 3139 556 3221 (Blass3
581 3138 706 3204 Ahrens
728 3135 848 3203 νάὸιον
870 3139 959 3221 legit)
982 3157 1023 3203 ex
1045 3123 1166 3215 ἆέλιος,
1189 3157 1251 3220 quo

124 3237 285 3302 Pindarus
308 3254 433 3318 quoque
455 3255 531 3301 usus
554 3244 610 3301 est.
642 3321 643 3324 Ἴ

211 3333 390 3400 Sererioris
412 3333 542 3400 Doridis
572 3340 620 3399 est
644 3359 661 3418 η
685 3353 743 3417 pro
772 3332 954 3398 adulterina
984 3333 1185 3415 diphthongo
1208 3355 1250 3407 ει,

124 3433 194 3498 sive
217 3431 426 3516 produotione
448 3431 646 3514 suppletoria
665 3432 733 3496 sive
749 3431 965 3496 oontraotione
981 3439 1051 3495 orta
1066 3437 1123 3495 est.
1157 3429 1252 3495 Valet

124 3529 206 3594 haee
228 3529 308 3594 ratio
331 3530 364 3593 in
386 3527 552 3593 infinitivis
574 3529 670 3610 vulgo
693 3529 727 3591 in
748 3551 816 3592 -ειν
839 3527 1045 3618 exeuntibus,
1073 3546 1167 3610 quam
1190 3534 1253 3592 ter·

124 3627 334 3691 minationem
365 3645 405 3691 ex
434 3650 488 3691 εεν
511 3625 728 3691 contractione
757 3630 863 3690 natam
895 3642 966 3689 esse
988 3622 1115 3689 Curtius
1144 3624 1252 3692 doeuit

125 3723 221 3789 Verb.
244 3722 276 3786 ΙΙ
303 3727 372 3788 110.
416 3723 606 3806 Reperimus
633 3723 667 3788 in
697 3742 822 3806 papyro
852 3724 881 3786 3.
910 3723 948 3784 19
979 3715 1163 3807 ἆνόάνην
1192 3723 1251 3800 (sie

28 3869 31 3876 -
124 3821 209 3888 enim
237 3826 286 3886 est
314 3821 504 3902 legendum,
535 3840 727 3904 quamquam
751 3819 860 3900 Bergk
882 3815 1063 3882 ,ΔΆΝΘΙΝ
1094 3821 1250 3903 praebet).

124 3919 163 3984 In
186 3921 314 4002 palm
337 3935 377 3984 ea
398 3919 471 4001 ipsa
492 3919 624 4000 voealis,
647 3918 688 3985 de
710 3937 773 4001 qua
787 3915 927 3982 maxime
942 3916 1056 3998 agitur,
1079 3917 1251 3986 obliterata

126 4012 191 4099 est,
215 4013 272 4082 sed
295 4033 366 4081 oum
382 4023 482 4082 metro
504 4015 603 4100 longa
622 4016 750 4098 syllaba
771 4013 948 4097 postuletur
962 4021 994 4078 et
1009 4019 1103 4086 unius
1125 4019 1249 4084 tantum
