2916 4872
469 422 591 478 Schedae
607 424 807 492 grammaticae.
1142 423 1199 484 101

92 594 220 660 Curtium
242 594 284 662 de
308 593 421 676 091099,
447 595 626 679 Etymlp.
649 597 723 672 607)
756 632 797 644 -
830 596 908 662 Ahr.
931 597 981 679 Η,
1005 598 1083 679 329,
1113 597 1205 664 Stud.

92 692 153 774 VII,
168 695 286 758 343-
288 742 297 776 ,
313 693 369 759 919
384 691 599 758 infinitivum
590 713 624 758 ι9
639 715 707 758 ειν
724 700 894 760 exeuntem
914 685 1118 779 (pcyo‘uetu,
1109 715 1204 762 mser.

90 789 180 856 Rhod.
202 795 286 858 2905
310 811 364 876 ap.
387 790 597 870 Boeclxbium,
627 789 693 856 alia
714 791 881 858 99119919
872 813 906 857 ιι
929 791 1030 858 Curtii
1053 792 1149 860 Verb
1172 795 1205 860 Π

89 909 115 972 p.
136 892 269 967 227)-
291 890 370 955 Abr.
393 890 436 972 ΙΙ,
461 891 588 955 330-
589 873 743 968 ,Aeoles
764 889 934 974 participia
956 892 1003 957 uti
1025 889 1204 977 νειοήκωι,

90 987 196 1070 Delphi
218 987 304 1052 uti‘
288 985 481 1054 εσιάκουσα
503 988 572 1064 (cir.
594 985 673 1051 ibid
696 982 1014 1066 ἅποκαθιστάοιτες
1036 1008 1089 1071 ap.
1104 989 1156 1056 W.
1173 995 1205 1056 et

90 1083 119 1148 F.
140 1088 291 1168 407„20;
315 1080 457 1170 ἥκουσα)
481 1091 514 1150 91
534 1082 837 1162 τετελευτακούσας
860 1084 949 1163 (ibid.
975 1090 1044 1169 190,
1074 1089 1125 1164 13)
1147 1086 1206 1152 fin·

89 1188 192 1248 xerunt
214 1173 282 1261 (cir.
304 1181 382 1248 Ahr.
404 1182 446 1266 ΙΙ,
471 1185 543 1262 331,
567 1202 619 1264 ap.
641 1181 782 1247 Archim.
806 1179 1060 1263 ἀνεστάκουσα).
1105 1185 1204 1252 Porro

89 1279 269 1346 recentiores
292 1281 455 1361 Lacones,
484 1299 564 1362 quos
582 1278 766 1344 Dorismum
788 1280 953 1363 vulgarem
977 1282 1104 1366 publice
1126 1284 1206 1350 asci-

89 1377 172 1458 visse,
194 1383 227 1442 at
248 1377 428 1443 laconicam
444 1375 614 1443 dialectum
631 1396 732 1460 usque
753 1377 796 1443 ad
818 1378 1038 1445 recentissima
1059 1387 1205 1465 tempora

89 1473 117 1538 in
137 1495 281 1541 sermone
303 1475 462 1542 cummuni
484 1494 669 1542 asservasse
690 1475 725 1540 in
746 1475 826 1543 meis
842 1475 883 1543 de
900 1475 1036 1544 dialecto
1058 1479 1205 1546 laconica
1256 1485 1271 1492 '

90 1573 318 1652 quaestionibus
334 1573 571 1654 demonstrabo,
594 1572 727 1656 perfecti
747 1573 956 1641 indicativum
973 1575 1092 1661 duplici
1108 1577 1204 1643 modo

89 1675 290 1738 mutaverunt.
321 1671 455 1736 Formae
471 1669 654 1753 analogiam
672 1672 853 1752 praesentis
867 1679 1040 1754 sequentes
1054 1674 1205 1756 leguntur

90 1766 411 1850 199εέι-τετύχομεν
433 1772 497 1852 (ap.
523 1769 558 1832 B.
584 1770 688 1848 1319),
712 1764 862 1853 εἷσχήκει
885 1775 949 1852 (ap.
973 1769 1009 1835 F.
1037 1772 1095 1834 194
1104 1772 1147 1853 b),
1171 1778 1205 1838 91

89 1865 185 1933 eoristi
218 1866 467 1933 declinationem
502 1864 655 1931 exhibent
671 1921 673 1924 .
688 1863 922 1931 decusationem
955 1867 1086 1950 (99.1Ι
1115 1871 1205 1935 2429

89 1983 129 2030 us.
150 1970 187 2030 45
209 1965 290 2046 bis),
321 1961 479 2050 ε’ίσχηκαι
502 1966 613 2044 (2429,
638 1966 679 2028 30
701 1961 755 2028 clr
780 1960 929 2050 εἰσχήκει
951 1963 1046 2029 modo
1069 1984 1204 2034 comme-

89 2070 243 2143 moratum,
268 2059 403 2147 εἰσχηκε
428 2059 536 2144 delpb
560 2080 612 2144 ap.
628 2059 720 2126 W.e
721 2059 791 2124 tF.
814 2064 887 2142 415,
911 2065 946 2144 3,
970 2061 1024 2127 cir.
1047 2061 1204 2146 Schmidt,

88 2149 185 2242 indog.
201 2158 347 2252 vocal.,I
374 2161 444 2238 112,
470 2157 510 2222 de
531 2157 654 2223 vocalis
673 2158 739 2223 iota
754 2157 899 2241 origine),
924 2155 1117 2242 ἒνιέιευχαι
1139 2165 1204 2244 (ep.

88 2254 117 2319 F.
139 2260 234 2338 2429,
262 2238 325 2336 30),
352 2207 565 2322 ἐπιόοδωκαν
589 2257 673 2335 (243,
701 2257 761 2336 16),
785 2261 978 2343 acacianae
1002 2261 1114 2354 (2429,
1139 2261 1204 2337 31).
1272 2261 1275 2266 ’

87 2352 172 2420 llisce
193 2307 281 2420 adde
303 2353 453 2419 creticum
476 2348 693 2418 ἄπέσταλκαι
716 2355 780 2438 (ap.
803 2353 841 2418 B.
862 2357 955 2419 3048.
979 2339 1071 2421 3052.
1097 2359 1202 2439 3058),

87 2451 163 2518 unde
188 2455 288 2519 etiam
318 2444 625 2525 ἅπεστάλκαιτις·
617 2470 651 2513 m
674 2447 981 2517 Eleuthernaeomm
1004 2450 1204 2518 Cretensium

89 2547 214 2632 decreto,
240 2549 335 2632 quod,
358 2548 404 2614 uti
428 2544 639 2632 διεξάγοντες
663 2552 718 2622 (sc.
736 2545 817 2625 εἰσί)
838 2568 895 2631 pro
920 2546 1113 2634 διεξάγουσι
1134 2551 1202 2629 (cfr.

12 2721 15 2728 ,
87 2645 252 2730 λελυμένοι
274 2645 372 2726 εἰσίν,
394 2645 562 2722 amamini),
592 2665 650 2729 pro
672 2641 1109 2729 dcceosdtuooeusurpatur,
1132 2668 1203 2730 par-

87 2742 175 2828 ticipii
206 2745 318 2811 aoristi
350 2743 485 2808 formam
519 2761 590 2808 esse
618 2761 691 2808 mea
720 2741 848 2825 quidem
877 2743 1037 2807 sententia
1069 2750 1205 2827 apparet

89 2838 207 2917 (099199
230 2842 307 2908 ΑΙιι.
330 2841 374 2923 Π,
399 2842 483 2917 293).

538 3081 740 3089 ———--.—..

155 3279 213 3342 IX.
258 3281 314 3346 De
338 3279 668 3364 praepositionis
690 3276 799 3361 πρός
821 3279 951 3344 variis
974 3278 1123 3346 formis.

164 3425 231 3491 Iam
247 3427 372 3510 pridem
384 3427 468 3493 inter
483 3426 569 3492 viros
585 3424 696 3492 doctos
708 3424 904 3509 disputatum
917 3432 973 3508 est,
991 3431 1096 3492 utrum
1111 3449 1203 3512 prae·
1249 3461 1258 3472 =

88 3520 253 3601 positiones
265 3522 353 3607 ιιρός
365 3531 397 3591 91
411 3528 494 3589 ποτ(
506 3543 524 3588 9
536 3523 695 3589 communi
707 3524 809 3589 torma
820 3525 919 3606 proti,
936 3544 1031 3606 quam
1046 3527 1203 3593 senscrita

88 3616 191 3700 lingua
212 3621 357 3703 exhibet,
387 3628 485 3690 natae
506 3620 585 3702 sint,
615 3641 657 3685 an
680 3621 783 3686 altera
804 3639 875 3685 cum
898 3621 973 3702 hac,
1004 3622 1107 3687 altera
1128 3641 1201 3689 oum

88 3716 208 3783 zendica
228 3718 331 3784 forma
352 3720 440 3803 poili
458 3738 516 3803 per
538 3717 727 3801 epenthesin
751 3737 790 3783 ex
818 3714 913 3802 *pau
938 3723 1008 3783 orta
1029 3720 1200 3803 conspiret

88 3809 153 3888 099
180 3815 219 3882 de
246 3815 369 3900 origine
397 3835 469 3882 cum
498 3813 554 3879 alii
583 3821 649 3880 tum
678 3815 818 3881 maxime
846 3815 968 3881 Pettius
996 3816 1071 3898 egit.
1120 3816 1202 3884 099-

88 3909 184 3976 tendit
203 3919 309 3980 antem
331 3913 451 3980 formas
472 3910 560 3998 ιιρός
576 3920 608 3979 91
622 3917 703 3977 ποτέ
725 3932 765 3978 ex
787 3912 914 3978 diverso
935 3911 1024 3979 ionte
1045 3913 1200 3998 originem
1308 3921 1311 3929 '

88 4008 229 4092 traxisse,
259 4009 452 4094 quiaAsiae
466 4009 602 4093 linguas
623 4016 777 4094 cognatas
798 4015 922 4076 tantum
944 4011 1089 4094 singulas
1111 4033 1202 4097 pree-
