2968 4866
237 408 300 470 348
752 411 843 479 Spiass

236 584 359 650 vocalis
380 583 518 667 spatium
535 603 670 649 vacuum
688 584 739 666 sit,
763 587 888 670 φαίνην
904 584 1110 650 scribendum
1133 607 1205 654 essa
1226 587 1362 656 videtur.

237 674 386 767 ἀείδην
410 680 446 746 11.
463 685 501 746 57
519 680 628 763 Bergk
644 681 781 748 restituit
802 704 860 766 pro
876 681 994 748 codicis
1009 679 1138 749 ἀείδειν
1163 686 1226 764 (Et.
1242 687 1286 752 M.
1303 691 1361 752 327

235 777 274 842 τὸ
296 775 359 862 γὰρ
382 775 568 844 λακωνικόν
591 776 683 844 ἐστιν
707 775 835 845 ἀείδειν
855 774 1020 867 deicidas·
1043 779 1089 867 μὴ
1108 779 1143 846 δ’
1160 779 1218 865 ἔμ’
1236 779 1362 850 ἀείδειν

236 873 408 959 ἀνείρετε).
449 901 480 942 ει
501 876 658 960 reperitur
685 877 719 941 in
749 877 864 944 ceteris
891 877 1093 967 fragmentis:
1132 878 1362 964 κατάρχειν

236 975 272 1040 11,
296 978 354 1058 24;
389 973 666 1056 κιθαρίσδειν
696 974 732 1040 fr.
757 979 796 1041 35
827 975 992 1053 (Welcker
1020 977 1255 1062 areaplcosvg
1291 986 1362 1065 φέ-

237 1097 327 1157 ρειν
359 1073 396 1138 11.
427 1076 468 1139 26
507 1073 541 1138 in
575 1072 771 1139 hexametro.
829 1072 976 1140 (letarum
1009 1075 1155 1159 plerique
1187 1078 1363 1146 Dorienses

237 1171 331 1237 etiam
354 1171 500 1238 Lacones
529 1171 784 1239 terminationem
807 1195 864 1258 -ην
892 1174 1051 1258 corripere
1079 1174 1243 1255 solebant,
1274 1176 1364 1259 cujus

235 1269 282 1335 rei
303 1268 390 1352 apud
413 1269 602 1334 Alemonam
625 1274 712 1336 certa
734 1277 846 1336 extare
868 1272 1017 1354 axempla
1040 1271 1123 1336 inira
1144 1273 1176 1350 (ξ
1202 1277 1255 1350 11)
1276 1275 1364 1340 vide·

235 1367 349 1432 bimus.
394 1365 459 1432 Sed
484 1386 548 1432 non
579 1373 643 1449 ast,
672 1387 727 1432 cur
755 1368 869 1450 longas
898 1368 1043 1452 syllabas
1064 1388 1085 1433 a
1106 1370 1270 1437 Laconica
1299 1371 1363 1438 dia·

235 1465 318 1530 lecto
341 1463 470 1547 omnino
493 1462 714 1545 abjudicemus
736 1470 869 1546 atquae
890 1464 978 1548 apud
1000 1473 1142 1536 nostrum
1165 1474 1297 1550 poetam
1321 1470 1363 1534 le

235 1569 361 1645 guntur,
391 1559 589 1626 aLesbiaca
610 1569 801 1644 repetamus.
827 1597 864 1608 —
888 1562 1042 1636 infinitivi
1064 1564 1303 1649 conjugationis
1330 1569 1362 1632 in

237 1684 281 1726 ειιι
304 1666 486 1725 contractae
507 1658 569 1724 nisi
591 1664 737 1742 correpta
759 1660 862 1725 vocali
892 1681 956 1726 non
985 1663 1197 1744 reperiuntur.
1219 1699 1271 1710 -—-
1299 1663 1363 1730 Sed

235 1757 319 1824 aliae
341 1757 412 1840 ejus
434 1757 565 1839 formae,
589 1775 671 1839 quae
693 1756 726 1821 in
749 1756 909 1822 severiora
930 1758 1049 1824 Doride
1071 1783 1091 1844 η
1114 1761 1285 1842 praebent,
1308 1782 1362 1828 ex·

235 1857 403 1935 tambac,
434 1855 628 1921 Laconicum
656 1855 794 1920 colorem
824 1874 888 1920 non
918 1856 1091 1922 habentes:
1130 1856 1361 1942 δραμεῖται

234 1974 309 2038 pap.
327 1958 356 2019 2.
373 1957 413 2017 25
437 1953 575 2026 (Ahrens
592 1949 785 2037 δραμήται);
809 1947 980 2039 ἡγεῖται
1002 1953 1039 2018 11.
1056 1957 1096 2018 93
1121 1955 1361 2046 (Schneidewin

235 2048 366 2137 διγῇται,
391 2051 500 2132 Bergk
523 2044 666 2133 ἁγεῖται)
689 2049 728 2114 ci.
745 2049 876 2134 Lysistr.
901 2055 982 2115 1314
1005 2047 1137 2136 ἅνῆται.
1159 2088 1202 2098 -
1224 2055 1308 2119 Item
1332 2079 1361 2120 ει

234 2150 391 2233 reperitur
412 2148 446 2212 in
476 2141 892 2229 impraevaricata,
922 2166 992 2213 cum
1021 2149 1054 2213 in
1078 2147 1257 2233 Cyrenaico
1288 2171 1361 2234 quo·

235 2245 309 2311 dam
337 2246 430 2310 titulo
460 2243 579 2329 ἒντίθη
608 2244 764 2326 legamus.
798 2281 837 2290 -
871 2244 1112 2328 Adjectivorum
1144 2247 1303 2313 feminina
1329 2249 1361 2314 in

233 2355 315 2420 -εῑα,
340 2341 425 2425 quod
448 2361 489 2408 ex
507 2340 603 2425 -scjc
625 2341 677 2407 val
692 2341 786 2425 -csjc
808 2341 1016 2425 productione
1037 2344 1235 2427 suppletoria
1259 2353 1361 2412 ortum

234 2448 299 2520 est,
330 2459 432 2523 acque
452 2440 493 2531 in
522 2438 682 2505 Laconica
711 2439 848 2504 dialecto
874 2462 894 2525 η
923 2441 1105 2507 habuerunt
1132 2443 1163 2506 cf
1202 2445 1253 2508 llt.
1278 2445 1361 2510 Gud.

235 2543 306 2606 430.
330 2544 371 2606 44
394 2535 447 2602 ὅτι
470 2533 564 2618 ὀξεῖα
586 2537 739 2620 λέγουσιν
763 2535 795 2602 οἱ
816 2540 966 2621 Δωριεῖς
989 2537 1045 2604 διὰ
1067 2545 1128 2604 τοῦ
1150 2539 1225 2626 ἦτα.
1265 2541 1361 2626 Apud
1385 2552 1387 2556 ’

233 2638 437 2704 Alcmanem:
476 2633 730 2720 Πασιχάρηα
753 2634 789 2699 11.
813 2639 853 2700 27
877 2655 993 2702 noman
1015 2657 1036 2700 a
1056 2643 1153 2720 poeta
1175 2657 1232 2720 per
1251 2640 1360 2721 jocum

234 2734 349 2801 dotum.
394 2731 611 2814 conferunda,
634 2751 729 2814 quam
750 2732 878 2800 Ahrans
899 2732 1047 2799 Alcmani
1070 2733 1228 2816 vindicat,
1251 2737 1364 2819 glossa

169 2820 174 2828 ’
234 2833 386 2919 Hesychii
415 2829 664 2914 τετραβαρήαιν.
708 2830 782 2895 Non
810 2831 916 2896 minus
942 2831 1119 2914 adjectiva,
1149 2851 1233 2914 quaa
1263 2836 1362 2917 vulgo

233 2931 266 2995 in
289 2941 360 3005 εῖας
383 2936 511 3006 exeunt,
533 2926 620 3012 apud
643 2947 698 2994 cos
721 2928 833 3009 Duras,
857 2929 946 3011 quia
963 2929 1087 3012 vulgari
1108 2930 1234 2996 ratione
1257 2931 1361 3014 magis

124 3041 129 3050 “
232 3026 402 3106 recedunt,
443 3045 513 3090 cum
548 3051 567 3111 η
607 3027 817 3110 reperiuntur.
872 3026 967 3109 Apud
1006 3033 1149 3092 nostrum
1184 3033 1309 3112 Λακῆ
1317 3053 1335 3093 o
1343 3052 1361 3106 ς

232 3124 270 3189 11.
290 3127 340 3204 83,
363 3129 402 3186 A
410 3120 482 3208 υκή
490 3147 516 3186 ω
540 3123 576 3189 11.
601 3127 651 3204 73,
675 3122 715 3188 da
738 3143 799 3206 quo
821 3123 1021 3206 grammatici
1043 3143 1169 3206 quoque
1191 3130 1360 3192 testantur.

233 3256 275 3267 —
303 3221 475 3286 Praeterea
496 3239 601 3303 pauca
621 3241 662 3285 ex
685 3221 848 3286 Alcmanis
869 3220 1056 3304 fragmentis
1077 3221 1246 3288 afferenda
1269 3231 1359 3288 runt:

187 3391 189 3394 ,
230 3316 334 3404 χηρὸ
342 3340 359 3394 ς
381 3317 418 3382 11.
436 3320 476 3382 32
498 3323 581 3383 testo
603 3317 788 3397 Herodiano
811 3319 899 3402 apud
921 3319 1069 3384 Eustath.
1091 3318 1134 3385 ad
1157 3319 1196 3383 Il.
1215 3324 1288 3384 110.
1309 3323 1358 3384 37.

232 3416 364 3482 Aeolica
386 3415 489 3480 forma
504 3422 553 3482 ast
572 3420 703 3499 χέρρας.
727 3453 767 3464 -
790 3418 828 3482 ln
850 3437 974 3500 papyro
990 3420 1018 3480 2.
1039 3421 1073 3480 11
1099 3423 1209 3482 extare
1231 3417 1359 3484 videtur
1479 3471 1480 3496 p

233 3513 342 3596 ε’ίμεν,
377 3513 431 3579 ubi
459 3534 517 3597 pro
543 3514 679 3606 mitioris
708 3514 838 3580 Doridis
866 3515 983 3594 forma,
1017 3514 1049 3578 in
1079 3534 1175 3596 quam
1208 3514 1358 3582 librarius

232 3613 449 3693 aberraverat,
471 3616 650 3676 correctura
668 3613 813 3678 restituta
829 3619 878 3679 cst
893 3633 941 3692 aa,
965 3631 1047 3694 quae
1068 3612 1102 3676 in
1125 3611 1244 3678 tabulis
1260 3613 1357 3678 Hera·
1479 3627 1480 3662 1

232 3709 413 3776 aleensibus
435 3709 626 3792 compluries
648 3711 783 3775 occurrit
804 3716 836 3776 at
857 3729 943 3775 nunc
957 3710 991 3774 in
1013 3708 1125 3774 tabula
1139 3728 1243 3774 aenea
1260 3711 1356 3776 Laco·

232 3807 305 3874 nica
319 3828 340 3874 a
355 3806 552 3904 Kirchhoitio
567 3807 656 3873 adita
671 3808 841 3882 (Monatsb.
858 3805 887 3872 d.
901 3807 986 3872 Berl.
1003 3805 1104 3872 Acad.
1115 3806 1147 3871 d.
1160 3805 1354 3874 Wissensch.
1439 3853 1446 3880 ,

236 3907 327 3979 1870)
349 3905 466 3986 legitur
489 3905 584 3991 1ἦμεν
607 3926 647 3973 ex
669 3904 818 3988 *deperi
846 3939 889 3951 —
909 3910 1012 3990 κεῖνος
1034 3925 1091 3986 pro
1114 3914 1227 3980 κεῖνος
1251 3904 1355 3972 Aeoli·
1479 3908 1480 3952 l

233 4008 390 4081 comest,
420 4000 477 4067 sad
501 4023 564 4067 non
587 4004 692 4070 minus
714 4004 748 4068 in
776 4002 935 4070 severiora
958 4000 1080 4068 Doride
1107 4001 1197 4068 illam
1221 4002 1353 4068 formam
