2916 4868
471 436 605 496 redivivus
622 437 680 504 nni
695 439 838 497 recidivus.
1160 433 1224 502 243

89 612 176 695 dmg
199 611 261 681 dee
277 629 342 678 von
357 609 421 677 den
443 612 562 674 emico
582 611 722 676 recidivo
743 612 932 680 entlehnten
951 607 1128 681 bildliohen
1142 616 1225 681 Aue·

90 709 211 778 drneke
233 708 285 778 fiir
309 707 369 776 dne
391 707 562 792 Vergehen
583 708 651 775 und
671 706 965 778 Wiedereretei'ren.
1008 709 1067 776 Bei
1092 710 1158 776 ihm
1180 711 1225 778 ist
1317 707 1320 712 ’

89 807 250 874 recede'oas
271 805 456 876 besondcre.
473 805 590 890 benig,
612 805 679 872 und
702 826 737 873 er
757 807 815 873 het
829 806 948 874 derens
962 826 1059 890 cogor
1073 802 1126 874 ein'
1141 803 1223 874 Sub:

91 904 269 972 etantivnm
295 903 485 968 ren‘diootta
513 903 580 970 und
602 903 656 970 die
677 903 866 972 adverbinlc
886 903 1060 988 Wendung
1080 903 1120 968 de
1139 905 1224 972 reci-

90 1001 330 1086 dicogebildet
355 1001 503 1068 Letntere
513 1000 613 1069 findet
623 1001 692 1068 sich
702 1002 737 1068 in
748 1001 837 1070 einer
848 1021 892 1068 an
902 999 957 1068 die
967 1000 1153 1086 Erklirung
1164 1002 1227 1074 des.

90 1099 224 1168 servius
243 1097 460 1166 erinnemden
474 1099 584 1166 Weiec
597 1098 640 1166 de
655 1097 762 1184 pudic.
780 1103 819 1165 16
840 1099 871 1162 ci
882 1100 930 1162 ois
945 1119 1065 1164 ornnem
1079 1094 1223 1166 notitiam

91 1197 232 1282 oponott
249 1195 383 1272 ebidem,
406 1205 443 1259 ut
463 1195 641 1280 neteiieqes,
664 1205 783 1282 quanto
804 1199 911 1261 secari
931 1217 1081 1261 cenneroe
1103 1201 1225 1262 omnm

89 1295 202 1360 dienen
224 1293 386 1359 indidrnunt
408 1293 551 1358 caedat
570 1303 604 1356 et
624 1294 762 1357 eradicet
785 1303 818 1356 ct
838 1295 1039 1376 eacaudicct,
1072 1315 1112 1358 nc
1134 1296 1226 1381 qaid«

92 1412 185 1479 qaam
214 1391 259 1456 de
290 1392 476 1455 recidivo
499 1389 713 1474 fruticare
740 1391 918 1475 permittat,
956 1393 1061 1477 afflue
1085 1392 1176 1457 illurn
1205 1412 1226 1458 a

91 1493 174 1556 insta
186 1488 292 1573 fraqe
309 1498 452 1563 naturae,
476 1509 496 1551 a
518 1489 713 1552 matrimonii
732 1489 802 1552 dico
821 1509 927 1573 poeno,
950 1492 1071 1554 animas
1084 1491 1228 1555 ieiunare-

92 1589 277 1673 cnpientorn.
310 1587 378 1653 Des
392 1586 598 1670 Adjeotivum
620 1586 699 1652 aber
711 1584 821 1670 'findet
841 1587 910 1652 eieh
932 1588 982 1653 ele
996 1587 1139 1654 Attribut
1160 1605 1225 1655 von

91 1685 244 1759 moechia,
267 1685 429 1756 mercorio,
447 1682 599 1756 conditio,
623 1703 722 1746 onnus
743 1681 811 1748 und
825 1684 899 1746 cita.
922 1683 997 1767 vgl.
1009 1684 1050 1751 de
1064 1684 1171 1768 pudic.
1183 1689 1225 1750 20

92 1785 138 1848 ito
160 1781 339 1846 moechia
360 1781 400 1844 de
415 1782 555 1860 prn'stn'rto
577 1779 757 1844 recidivo
778 1789 812 1842 et
831 1780 981 1844 unitatem
1001 1783 1077 1844 neci
1097 1782 1227 1854 coloris,

93 1903 113 1944 o
135 1901 198 1966 quo
210 1878 331 1963 sacrat
352 1877 497 1952 ouciaco,
529 1875 771 1950 commaculans,
796 1877 1015 1942 immundabile
1036 1887 1084 1941 est
1104 1880 1222 1943 citiam.

93 1977 136 2046 de
165 1977 276 2047 anime.
304 1981 346 2042 24
377 1977 408 2039 si
428 1996 490 2060 qao
511 1975 656 2058 cernaris
677 1974 762 2037 ratio
784 1975 898 2038 incutit
916 1974 1116 2048 oblivionem,
1147 1969 1225 2061 quo'-

92 2075 188 2140 modo
211 2075 404 2138 contrariom
434 2075 501 2137 eius
529 2071 673 2136 admittet
699 2070 970 2136 recordationem?
1007 2073 1082 2158 qaia
1103 2081 1135 2136 et
1155 2074 1226 2158 ipso

87 2182 166 2258 post
189 2171 374 2236 oblivionem
395 2171 578 2236 recordatio
600 2170 789 2232 rncrnorio
811 2167 997 2233 recidioo
1018 2180 1075 2234 cst.
1120 2170 1161 2238 de
1176 2163 1226 2237 ress

92 2291 174 2337 eurr.
197 2288 285 2336 cern.
311 2273 348 2332 12
384 2286 499 2332 revera
517 2267 662 2350 foenore
686 2267 831 2342 interitu,
860 2278 893 2331 et
912 2268 1029 2331 iniuria
1050 2287 1163 2340 usura,
1195 2277 1229 2330 et

94 2367 186 2431 lucro
209 2367 340 2440 domno,
370 2365 466 2430 semei
487 2364 625 2427 dicerint
654 2365 800 2458 uniqcrsa
831 2364 1014 2429 conditio
1041 2366 1228 2430 recidiua

93 2475 158 2538 ectr
188 2464 392 2550 quodcunque
414 2462 610 2536 conveneris,
628 2460 714 2545 ficit,
738 2462 941 2550 qaodcunque
963 2463 1123 2536 aceneres,
1145 2461 1228 2525 nihii

93 2583 158 2626 non
179 2564 194 2625 i
200 2571 327 2626 terum
348 2570 416 2624 est.
451 2558 561 2624 Omnia
576 2560 608 2621 in
625 2569 739 2634 statura
754 2559 895 2634 redeant,
919 2579 988 2623 eunt
1003 2558 1209 2622 abscesserint
1213 2581 1225 2632 ,-

94 2661 200 2723 omnic
222 2659 381 2743 incipiunt,
405 2676 472 2721 carn
495 2657 662 2729 desierint·
684 2655 754 2719 idco
768 2655 938 2740 finiantur,
961 2665 997 2719 at
1007 2653 1104 2740 fiant.
1133 2655 1228 2719 Nitit

93 2757 219 2841 deperit
241 2757 305 2818 nesi
324 2757 356 2817 in
370 2754 510 2818 salutern.
542 2756 637 2817 Totas
651 2755 749 2836 iqitur
763 2753 814 2817 dic
825 2741 909 2816 ¹ordo
923 2751 1104 2815 reuolubilis
1118 2772 1228 2814 rerunt

94 2855 223 2919 testatio
246 2862 294 2916 est
314 2853 556 2916 rerurrectionis
576 2853 824 2929 mortuorum³⁰).
867 2851 910 2918 ad
929 2850 1124 2916 Marcionem
1144 2854 1226 2932 1,13

93 2953 139 3015 sic
162 2961 195 3015 et
220 2950 330 3022 Osiris,
356 2949 442 3036 qaod
460 2969 583 3034 semper
604 2949 754 3032 sepelitur
776 2959 809 3012 et
828 2951 860 3012 in
882 2949 985 3012 aiaido
1008 2949 1228 3033 quaeritaret
1305 3013 1312 3022 ,

95 3069 163 3112 cunc
177 3047 295 3131 qoadio
311 3048 474 3119 invenitur,
497 3047 734 3131 reciprocarum
746 3045 899 3130 sruqiane
919 3056 951 3108 et
970 3044 1145 3108 aioidorurn
1164 3046 1227 3109 ele-

94 3155 272 3208 mentorum
295 3154 327 3208 et
347 3144 528 3207 recidivi
548 3144 642 3206 anni
651 3142 753 3227 fidene
775 3151 1043 3227 arqunecntantur.
1086 3140 1129 3228 ad
1144 3144 1225 3209 Mar-

94 3243 178 3309 cion.
203 3246 240 3320 4,
264 3245 305 3307 25
335 3241 392 3305 sed
412 3242 486 3326 qaia
514 3250 546 3304 et
570 3242 691 3304 mortui
711 3242 774 3304 iane
795 3239 1026 3304 suscitabantur
1048 3261 1067 3302 a
1092 3238 1226 3314 Christo,

94 3340 309 3403 resuscitatas
337 3338 380 3401 ad
399 3358 484 3424 speon
507 3347 654 3401 aeternae
678 3339 786 3402 citae
811 3359 873 3422 per
901 3337 1048 3420 cecropio
1074 3337 1228 3399 recidi-

94 3439 223 3514 uaffl),
254 3455 293 3498 ne
317 3435 390 3520 plus
419 3435 541 3520 aliquid
561 3435 784 3499 observationis
806 3435 952 3518 oniqerot
972 3432 1134 3495 sublimior
1155 3454 1228 3516 spe:

165 3567 201 3631 ³⁹)
219 3565 287 3619 Hier
305 3564 366 3618 tritt
382 3563 530 3620 besondcre
548 3563 652 3630 berver,
671 3563 734 3618 dees
748 3561 904 3617 Tertuliien
921 3561 965 3616 bei
983 3560 1031 3616 der
1048 3561 1167 3616 conditio
1184 3577 1227 3616 re-

95 3649 185 3706 cidiva
216 3644 353 3699 durcheue
386 3645 439 3700 den
470 3645 570 3714 ewigen
597 3643 726 3700 Wecheel
755 3643 803 3698 dee
834 3642 990 3712 Vergehene
1021 3640 1078 3695 und
1102 3639 1227 3697 wieder·

95 3727 238 3784 aetehens
255 3724 292 3778 im
310 3724 393 3781 Sinne
410 3725 466 3796 irat,
484 3740 537 3780 von
554 3724 615 3780 dem
632 3724 681 3780 wir
697 3724 768 3780 oben
787 3723 813 3780 S.
823 3727 871 3778 131
882 3722 902 3778 i.
920 3722 1073 3791 emgingen.

165 3809 200 3872 ⁴⁰)
218 3805 357 3873 Rigaltiue
374 3805 412 3860 im
428 3806 510 3861 index
526 3806 678 3873 glossarum
695 3803 857 3860 Tertulliani
874 3803 1012 3872 (Auegebe
1032 3805 1106 3856 1114.
1124 3800 1152 3856 S.
1165 3805 1226 3868 696)

96 3891 203 3946 erklirt
220 3889 276 3942 cita
293 3887 414 3942 recidiua
432 3886 472 3943 ele
489 3886 628 3952 natan,
649 3901 705 3942 nee
722 3886 772 3940 mit
787 3884 877 3940 Recht
899 3883 986 3941 echon
1002 3897 1056 3939 von
1075 3881 1228 3938 Gronovius

95 3974 193 4040 geren
214 3967 297 4035 niro,
326 3966 374 4022 der
396 3967 439 4022 die
462 3966 590 4036 oaemplo
612 3967 710 4036 richtig
731 3967 851 4022 vcreteht
874 3965 915 4022 eie
937 3964 1063 4030 illorum,
1091 3979 1161 4034 quos
1182 3963 1229 4018 do-

49 4079 56 4092 ·
94 4051 212 4120 functos
234 4045 359 4104 Christus
376 4065 394 4103 a
411 4045 497 4103 morte
515 4048 653 4102 excitarit.

971 4131 1025 4185 16*
