2986 4864
239 411 302 472 412
539 405 542 412 ’
762 409 839 478 Ruga

326 585 465 668 uesperi,
495 603 638 668 vespere,
663 584 809 667 temperi,
832 591 987 666 tempore,
1009 581 1095 654 lteri,
1119 582 1183 644 luci
1203 581 1292 659 (vide
1314 603 1362 649 ex·
1470 599 1471 606 ’

240 684 349 767 empla
370 700 452 765 quae
476 682 666 762 Oorssenus,
691 681 893 765 Aussprachc
917 681 941 761 1,
965 683 1037 762 775,
1060 686 1157 761 atque
1179 680 1363 746 Lorantzius
1416 740 1421 749 .

239 783 273 848 in
289 781 365 849 edit.
384 779 602 846 Mostellariae
617 799 646 842 v.
664 783 726 844 534
749 780 968 861 collegerunt),
992 778 1085 851 irunt,
1108 797 1199 840 mooe
1218 776 1362 860 (Cnidus,

241 877 399 946 emnem
420 899 451 961 p.
464 881 549 954 329).
580 877 740 960 Exempla
761 877 840 943 meri
863 875 998 942 ablativi
1021 875 1209 958 temporalis
1231 876 1365 942 afferun·
1471 941 1472 966 i

240 985 291 1042 tur
313 977 410 1042 haec:

319 1099 349 1172 u)
372 1094 462 1159 Solet
483 1095 603 1176 parere
620 1092 744 1157 decimo
767 1112 887 1158 mense.
917 1090 1010 1158 Caco.
1033 1092 1079 1158 St.
1106 1098 1155 1157 14.

369 1197 463 1256 nocte
492 1209 588 1254 caeca
616 1185 740 1254 caelum
764 1180 782 1255 e
804 1197 976 1273 conspectu
999 1191 1141 1256 abstulit.
1177 1191 1295 1256 Accius
1318 1193 1365 1254 32.

368 1309 420 1354 me
433 1287 538 1353 decies
551 1287 603 1351 die
615 1307 678 1351 uno
689 1307 788 1370 saepe
800 1288 941 1353 extrudit
955 1285 1099 1352 aedibus.
1122 1288 1171 1352 Pl.
1183 1288 1291 1369 Aul.I‚
1300 1292 1329 1368 2,
1338 1292 1364 1351 4.

369 1385 423 1467 qui
454 1385 553 1450 illane
582 1384 739 1466 stupravit
770 1389 865 1449 noctu
895 1383 1018 1450 Cereris
1047 1385 1177 1467 vigiliis.
1223 1385 1272 1449 Pl.
1296 1384 1364 1449 Aul.
1473 1422 1474 1506 p

239 1483 322 1570 prol.
346 1487 397 1548 36.

328 1602 358 1679 t)
380 1599 501 1666 Addita
522 1600 761 1684 praepositione
784 1599 864 1664 haec
886 1601 1053 1682 legunturz

369 1721 404 1784 in
426 1723 520 1784 nocte
542 1738 666 1784 serena.
700 1719 783 1784 Enn.
808 1739 882 1782 ann.
906 1721 978 1783 388.
1138 1788 1142 1796 ,

370 1814 495 1882 confido
511 1816 604 1880 illum
616 1816 649 1880 in
660 1815 711 1880 his
723 1816 837 1881 diebus
850 1836 899 1882 me
912 1816 1181 1883 reconciliasscre.
1206 1815 1299 1900 Capt.
1310 1819 1364 1879 164

243 1915 295 1995 (ci.
320 1915 408 1980 Brixi
430 1912 563 1990 adnot).

233 2093 237 2102 Ι
371 2018 420 2077 ter
442 2011 475 2075 in
498 2030 594 2075 anno.
621 2011 744 2075 Bacch.
772 2013 863 2074 1127.
953 1999 958 2012 ⁴

351 2129 435 2192 ‚quo
457 2108 540 2174 velis
560 2109 594 2172 in
617 2115 761 2191 tompore
783 2116 817 2172 ut
839 2115 872 2172 te
895 2109 1054 2174 exsolvas.
1084 2111 1157 2175 Ter.
1180 2109 1278 2174 Haut.
1298 2112 1365 2172 ΙΙΙ.
1475 2103 1476 2110 '

371 2213 406 2272 ut
418 2214 483 2271 tam
495 2206 528 2268 in
541 2206 631 2271 brevi
642 2205 747 2287 spatio
759 2204 799 2270 de
812 2223 864 2270 me
876 2206 1004 2271 eiecerit
1015 2209 1167 2272 animum.
1191 2207 1289 2271 Haut.
1298 2208 1364 2270 955.

544 2380 710 2436 Terrarum
732 2380 912 2450 urbiumque
935 2382 1065 2438 nomino.

243 2591 496 2659 declinationum
519 2591 685 2655 seiunctim
708 2598 854 2668 tractare,
878 2593 953 2673 quia
968 2593 1014 2658 sic
1030 2591 1150 2674 optime
1164 2613 1243 2660 usus
1266 2593 1367 2657 unius-

244 2691 395 2771 cuiusque
416 2687 538 2753 formae
561 2688 707 2771 proprius
729 2689 947 2771 perspicietur.

373 2807 399 2870 I.
443 2809 656 2872 Terrarum
679 2806 851 2872 nomina.

329 2493 401 2572 Qua
431 2491 471 2558 dc
498 2512 533 2558 re
567 2492 738 2574 agentibus
771 2493 864 2559 nobis
893 2515 973 2577 opus
1002 2503 1050 2560 est
1081 2515 1175 2561 casus
1209 2497 1366 2561 variarum

18 2855 21 2970 i
326 2911 359 2984 α)
382 2903 512 2970 Tertiae
534 2903 775 2970 declinationis:

330 3006 361 3079 α)
383 3001 451 3066 illic
472 3001 559 3083 apud
580 3021 639 3067 vos
661 3003 761 3067 servit
782 3010 896 3086 captus
918 3003 1022 3069 Alide.
1059 3004 1165 3068 Plaut.
1181 3001 1275 3088 Capt.
1292 3007 1366 3086 3303

227 3099 298 3166 .hic
319 3098 550 3164 Fleckeisenus
573 3106 748 3181 praeeunte
768 3099 894 3182 Bothio,
919 3120 1012 3183 quem
1036 3101 1132 3166 etiam
1154 3099 1302 3168 Holtzius
1323 3115 1366 3168 se-

245 3196 352 3280 quitur
374 3199 459 3278 (pag.
473 3199 535 3275 80),
559 3198 591 3257 cir
606 3195 701 3258 Alide
722 3204 833 3262 contra
848 3197 991 3264 codicum
1007 3199 1228 3264 auctoritatem
1251 3199 1364 3264 scribit.

330 3293 361 3372 b)
391 3311 462 3358 eum
486 3293 633 3359 vendidit
654 3287 693 3358 in'
714 3294 819 3360 Alide.
862 3294 953 3379 Oapt.
977 3298 1006 3361 9.
1030 3298 1079 3360 24.
1104 3300 1175 3359 541.
1200 3300 1274 3361 544.
1297 3298 1363 3362 587.

245 3398 317 3460 634.
340 3395 413 3457 970.
436 3393 508 3456 976.

328 3488 495 3556 Accedant
517 3490 667 3573 exempla
688 3490 821 3556 montis:

386 3588 418 3651 in
442 3588 590 3653 Sauracti
612 3588 747 3652 habitat.
781 3587 962 3670 Catoorig.
987 3592 1026 3652 66
1050 3587 1176 3664 (Peter).

388 3704 482 3767 quem
506 3684 602 3750 Chiro
625 3685 658 3749 in
682 3686 771 3752 Pelio
794 3686 910 3751 docuit.
944 3686 1014 3751 Liv.
1038 3685 1138 3750 Andr.
1162 3689 1213 3750 35.

329 3804 362 3884 β)
390 3801 416 3864 Ι.
440 3807 537 3882 utque
558 3801 600 3864 ll.
623 3801 748 3866 Declin.

330 3901 361 3974 a)
388 3897 519 3962 Nullum
543 3897 725 3981 exemplum
747 3904 862 3963 exstat.

330 3992 359 4065 5)
388 3993 420 4057 in
434 3995 571 4062 Fiscello
584 4015 700 4078 caprae
715 3996 802 4062 ierac
819 4001 900 4060 sunt.
926 3994 1006 4060 Cato
1018 3994 1096 4078 orig.
1112 4016 1144 4078 p.
1160 3999 1196 4059 ΙΙ
1210 3991 1361 4071 (Jordan).
