2916 4872
483 423 604 478 Schedae
621 421 819 492 grammaticae.
998 408 1000 413 ¹
1156 417 1212 478 121

179 596 411 680 Megarensium
436 595 621 678 dialectum,
652 593 692 660 de
714 615 777 678 qua
799 599 897 661 antea
926 599 1056 678 propter
1078 595 1218 662 testimo-

104 697 216 759 niorum
242 694 410 784 penuriam
440 715 500 762 nec
521 694 623 760 multa
649 694 691 759 ad
718 713 776 759 nos
802 712 862 758 nec
887 692 964 760 satis
991 702 1078 759 certa
1106 714 1217 778 perve-

104 799 221 874 nerant,
252 812 294 858 ex
315 792 380 860 illis
402 791 662 876 inscriptionibus
691 791 789 875 plane
810 796 945 875 apparet
968 789 1097 857 Doridis
1118 792 1218 861 luisse

103 889 241 973 mitioris,
272 889 322 956 cui
345 911 363 958 e
385 889 588 957 finitimarum
611 889 753 973 gentium
778 888 924 956 dialectis
946 888 1102 956 nonnulla
1123 911 1217 975 pecu-

42 1011 45 1016 ’
103 989 187 1054 liaria
206 988 353 1055 admixta
375 995 476 1056 erant.
521 988 560 1054 In
582 987 684 1054 titulis
706 986 878 1072 praecipue
900 985 1216 1070 Aegosthenensibus

104 1092 221 1163 (1-14)
244 1086 348 1152 multa
371 1085 501 1152 dialecti
529 1086 695 1153 boeoticac
716 1084 846 1169 propria
868 1085 1083 1169 inveniuntur,
1113 1107 1218 1171 pauca

103 1191 233 1267 tantum,
263 1203 347 1268 quae
368 1205 389 1250 a
410 1183 592 1250 Boeotismo
621 1183 729 1249 aliena
750 1189 834 1250 sunt.
879 1183 966 1263 Quas
994 1185 1217 1269 inscriptiones

103 1301 164 1347 cum
192 1282 256 1347 iam
281 1282 502 1348 Beermannus
530 1281 564 1347 in
595 1281 821 1352 dissertatione
843 1281 884 1348 de
911 1282 1057 1349 boeotica
1080 1283 1217 1351 dialecto

43 1383 45 1388 ’
103 1380 293 1463 tractaverit,
318 1399 403 1445 nunc
424 1387 546 1446 restant
567 1399 686 1464 pauca,
710 1399 793 1463 quae
815 1385 991 1446 memoratu
1014 1389 1088 1448 sunt
1110 1382 1218 1465 digna.
1349 1387 1351 1390 ’

182 1484 208 1552 1)
252 1479 291 1543 In
326 1476 541 1567 compluribus
563 1475 833 1559 inscriptionibus
867 1481 1015 1558 (26-34)
1051 1481 1219 1563 saepius

78 1596 206 1658 quam
243 1577 283 1640 in
323 1575 422 1642 aliis
455 1575 630 1641 aliarum
670 1577 853 1658 gentium
892 1575 1038 1643 dialectis
1076 1613 1112 1622 —-
1152 1579 1219 1646 dia
1346 1628 1349 1634 ·

13 1721 14 1724 ,
102 1671 174 1738 lecto
208 1673 315 1740 Attica
346 1673 519 1740 vetustiore
553 1679 703 1756 excepta,
741 1672 796 1738 cir.
828 1671 985 1739 (lacerum
1019 1675 1109 1740 Stud.
1139 1676 1218 1742 VlIl

102 1791 129 1852 p.
149 1774 206 1837 287
223 1791 314 1855 seqq.
345 1805 384 1818 -·
417 1792 486 1837 mos
514 1771 658 1836 ultimam
687 1771 774 1836 vocis
804 1772 948 1838 nasalem
975 1774 1120 1854 sequenti
1147 1793 1220 1840 con·

71 1888 191 1956 'sonae
224 1868 431 1953 adaequandi
467 1868 641 1952 reperitur:
685 1869 731 1934 ita
766 1874 841 1934 ante
875 1871 1054 1974 fflrtturales
1086 1871 1218 1955 legitur:

102 1961 235 2050 dccltoy
265 1971 330 2048 (26.
361 1971 411 2032 30.
441 1971 520 2032 300..
551 1971 601 2032 31.
631 1969 728 2058 330),
762 1960 918 2050 citabatur
947 1969 1009 2042 (31.
1044 1972 1121 2034 33a.
1155 1974 1218 2053 34),

103 2059 197 2149 αὐτό)
227 2071 293 2146 (ac.
328 2069 378 2130 nv.
413 2069 463 2130 ao.
498 2069 575 2132 soa.
610 2068 647 2129 31
683 2064 732 2129 bis
761 2068 830 2144 oo),
864 2070 927 2148 γᾶ)
960 2069 1022 2140 (sc.
1056 2070 1106 2131 oo.
1141 2071 1241 2134 cca.-

102 2165 147 2227 31.
179 2168 228 2228 33.
264 2169 343 2228 330.
373 2167 441 2246 34),
474 2159 569 2245 εἶμεγ
598 2166 660 2233 (26.
691 2165 743 2226 29.
772 2165 839 2243 30),
875 2160 942 2247 ἓώγ
970 2167 1052 2247 (31),
1085 2164 1220 2232 attac-

103 2279 158 2342 coy
186 2264 249 2336 (26.
280 2268 331 2327 30.
361 2265 436 2327 30a.
467 2266 536 2343 35),
571 2260 710 2344 λιθίνα)
741 2263 803 2332 (26.
834 2263 900 2343 30),
935 2265 1126 2347 Μεγαρέωγ
1156 2267 1218 2342 (26.

102 2357 135 2418 tl
157 2358 205 2424 bis
228 2362 280 2424 29.
305 2363 356 2425 30.
380 2359 448 2424 30b
472 2359 521 2424 bis
544 2362 613 2440 31),
641 2355 767 2441 στάλαγ
790 2354 854 2435 (27.
877 2363 917 2424 30
927 2360 958 2425 b.
982 2363 1051 2442 34),
1073 2359 1133 2445 τόγ
1155 2366 1219 2438 (31.

103 2456 172 2520 330.
195 2459 265 2540 34),
289 2455 353 2541 τάγ
375 2462 455 2539 (17),
479 2463 546 2544 scip
570 2459 651 2537 (36),
681 2464 757 2523 ante
779 2457 915 2522 labiales
939 2455 979 2538 ἐμ
1006 2456 1144 2537 (26.29.
1168 2464 1219 2525 30.

102 2553 164 2617 toa
194 2554 243 2620 bis
281 2555 360 2621 30b.
393 2557 444 2620 31.
476 2559 527 2620 33.
562 2558 601 2619 34
639 2554 717 2634 bist„
754 2553 903 2636 πολιτᾶμ
933 2559 1016 2636 (27),
1049 2554 1114 2638 τόμ
1143 2559 1219 2640 (31),

13 2737 15 2742 ι
101 2655 165 2732 vap
186 2656 262 2732 (27).
300 2652 477 2718 Schmidtio
500 2652 622 2730 (Vocal.
641 2652 656 2716 I
678 2671 708 2734 p.
731 2653 813 2735 112),
837 2652 890 2734 qui
913 2652 1068 2718 eiusmodi
1090 2655 1220 2720 vocales

102 2753 237 2816 nasalem
265 2751 357 2816 illum
386 2770 500 2817 sonum
526 2749 679 2816 babuisse
702 2754 827 2831 censet,
857 2770 949 2832 quem
972 2751 1005 2815 in
1027 2752 1221 2834 Francogal-

102 2843 194 2912 lorum
217 2871 272 2923 ov,
297 2869 337 2911 oo
359 2847 516 2929 audimus,
540 2853 574 2913 ut
596 2846 818 2928 assentiamus,
842 2853 875 2913 et
896 2848 1017 2914 formae
1039 2869 1119 2931 quas
1142 2869 1218 2917 enu-

102 2947 289 3012 meravimus
312 2966 371 3012 nos
393 2945 557 3011 adduc-unt
580 2951 612 3011 et
632 2966 696 3010 vox
719 2943 935 3012 Κωστάντιον
958 2967 1017 3030 pro
1040 2946 1220 3015 Κωνστάν-

100 3066 166 3108 τιον
188 3045 297 3125 (inser.
324 3048 386 3120 18).

180 3145 212 3215 2)
250 3141 345 3220 Quod
367 3141 506 3225 pertinet
528 3140 571 3206 ad
594 3141 752 3205 vocalium
775 3143 982 3226 mutationes,
1008 3144 1220 3226 paucissimae

102 3245 169 3304 sunt
190 3259 274 3323 quae
297 3237 472 3306 offendunt.
510 3237 735 3321 Diphthcngus
757 3263 793 3304 αι
817 3247 850 3304 01
872 3241 906 3305 10
929 3241 1029 3307 titulis
1047 3243 1221 3324 Aegosthe

102 3339 248 3404 censibus
276 3357 317 3403 ex
340 3357 427 3403 more
456 3337 601 3402 boeotico
624 3357 703 3402 sono
726 3361 746 3423 η
771 3337 967 3422 exprimitur,
995 3339 1041 3403 ita
1064 3339 1164 3422 epsilo
1186 3342 1220 3405 in

102 3434 213 3502 dativis
237 3433 386 3511 εὐδικίες
408 3441 440 3500 01
462 3432 615 3511 devortor
635 3438 719 3516 (61),
748 3434 781 3498 10
805 3438 969 3519 stuporata
997 3439 1046 3513 (67
1071 3465 1113 3487 =
1139 3441 1218 3502 1067

102 3551 148 3616 ap.
170 3534 232 3616 Β),
254 3529 470 3617 τροπεούχων
494 3530 566 3616 (pro
588 3529 822 3617 τροπαιούχων
847 3536 899 3606 (38
914 3561 957 3584 =
973 3536 1054 3598 1038
1076 3553 1128 3616 ap.
1144 3533 1220 3619 Β.)).

102 3629 180 3695 Dein
201 3657 220 3696 v
244 3637 277 3696 01
300 3654 313 3695 ι
334 3631 418 3696 inter
439 3649 510 3696 sose
532 3636 780 3696 commutantur:
807 3630 901 3695 inser.
925 3633 992 3695 35a
1014 3630 1145 3696 exbibet
1167 3630 1220 3696 αἰ-

13 3717 15 3734 *
104 3726 261 3809 σιμνάτας
284 3749 341 3813 pre
365 3721 583 3811 αἰσυμώάτας,
606 3732 728 3793 01250.
750 3723 868 3814 ἥμυσυ.
906 3728 989 3791 Tum
1012 3752 1044 3792 co
1063 3728 1096 3793 in
1117 3753 1129 3793 ι
1150 3750 1220 3796 cca·

102 3825 221 3891 lescunt
243 3827 277 3891 in
300 3827 457 3891 vocabulo
480 3821 595 3911 ἡρῶιν,
619 3831 659 3892 66
677 3847 729 3909 ap.
746 3826 793 3907 F,
821 3827 899 3890 1098
922 3846 975 3907 ap.
991 3825 1038 3908 B,
1062 3827 1115 3909 qui
1138 3827 1220 3896 falso

103 3933 290 3990 correxerat.
335 3923 431 3990 Cuius
459 3924 703 4007 permutationis
725 3923 874 4006 exempla
894 3923 970 3990 vide
992 3945 1088 4008 supra
1113 3945 1144 4008 p.
1169 3928 1219 3993 85.

103 4023 150 4087 Ac
178 4017 305 4110 ἡρώιον
328 4020 416 4088 vocis
438 4021 680 4088 similitudinem
710 4021 877 4088 formatum
901 4028 950 4087 est
976 4019 1139 4108 προνάῑον
1159 4022 1221 4103 (10-
