2978 4872
484 406 605 504 ⁸Scirsriae
621 448 820 520 grammaticae.
1177 445 1217 509 65

97 622 233 706 jurarant
254 622 378 688 tollatis
392 631 510 686 mamea
522 621 576 704 qui
591 621 625 686 in
641 621 764 688 vedieis
786 622 915 707 hymnis
930 642 995 688 non
1010 641 1082 688 raro
1096 622 1218 691 formae

103 729 161 783 mut
186 721 256 787 loeo
278 726 457 804 usurpatur,
487 717 624 786 eundem
648 737 728 795 esse¹
741 738 849 786 easum
872 740 984 787 omnes
1005 723 1218 788 eonsentiunt

103 817 240 901 Namque
261 817 421 884 interdum
446 817 670 901 pronominum
691 817 826 884 ablativi
854 817 1025 902 repudiato
1045 825 1217 902 augmento

101 914 151 980 illo
172 936 277 989 ama,
299 914 384 997 quod
407 915 441 980 iu
464 914 621 999 uajormrtt
642 915 842 990 interiectum
858 915 1014 1000 videmus,
1037 916 1216 984 breviorem

101 1012 212 1078 habent
235 1013 366 1079 exitum.

178 1111 227 1176 De
243 1111 365 1192 origine
379 1108 475 1193 hujus
490 1109 598 1192 stirpis
615 1129 731 1173 mama·
747 1110 823 1193 quid
838 1111 984 1192 sentiam,
1007 1130 1078 1177 eum
1092 1112 1218 1196 lingna·

100 1227 161 1272 rum
182 1215 389 1290 cognatarum
411 1205 532 1272 similes
555 1206 673 1274 iormas
695 1226 941 1289 enumeravero,
965 1228 1136 1292 exponam.
1178 1209 1216 1274 In

101 1303 332 1386 inaniorum,
362 1305 591 1385 Slavorum,
622 1305 883 1370 Lituanorum
910 1305 1028 1388 linguis
1049 1306 1147 1390 stirps
1168 1311 1217 1373 est

100 1421 203 1466 mana.
238 1403 343 1482 Quam
358 1402 482 1484 antiqui
496 1402 615 1469 Persae
631 1409 662 1468 et
677 1422 717 1468 ea
732 1403 830 1483 natio,
854 1422 937 1485 quae
951 1403 1084 1494 aaudiou
1104 1403 1217 1488 lingua

99 1518 150 1564 usa
170 1507 233 1582 est,
262 1519 366 1582 aeque
387 1507 484 1583 atque
506 1498 579 1566 Indi
602 1499 644 1566 ad
672 1501 857 1582 genetivum
884 1502 1081 1584 pronominis
1109 1521 1217 1586 perso·

99 1597 173 1662 nalis
188 1598 432 1682 exprimendum
449 1599 672 1678 adhibuerunt,
694 1599 784 1664 Slavi
799 1605 905 1664 autem
921 1619 985 1664 uon
1002 1601 1105 1664 solum
1120 1619 1216 1683 gene·

99 1692 164 1759 tivis
178 1715 265 1758 mene
282 1696 474 1778 Lituanique
489 1716 594 1786 munga
609 1701 683 1762 sunt
698 1697 757 1778 usi,
773 1693 831 1761 sed
846 1696 945 1762 etiam
960 1716 1067 1759 maan·
1082 1697 1215 1782 stirpem

99 1789 135 1854 ad
162 1793 243 1860 alias
274 1813 370 1860 voees
398 1793 583 1859 formandas
611 1791 827 1858 adhibuerunt
858 1794 925 1870 (eir.
947 1793 1133 1870 lituanieum
1160 1794 1216 1860 ad·

98 1887 235 1956 ieetivum
250 1895 382 1970 manua).
417 1891 468 1956 Ab
492 1891 580 1957 hisee
602 1891 737 1956 latina
757 1890 860 1955 forma
880 1911 973 1980 meur·
987 1891 1085 1974 plane
1106 1890 1215 1958 aliena
1248 1943 1252 1954 f
1282 1902 1286 1909 '

99 1993 155 2068 est,
190 2007 287 2070 quam
322 2007 362 2054 ex
389 1987 507 2072 rna-jn·
536 1996 638 2054 ortam
667 2006 739 2054 esse
770 2006 841 2055 eum
871 1988 1074 2056 Sehleiehero
1108 1988 1214 2070 oredo,

99 2083 203 2164 quide
226 2104 268 2151 ea
291 2088 382 2152 rein
404 2084 514 2169 Gomp.
537 2107 569 2169 p.
593 2089 654 2152 633
684 2085 868 2170 disputavit.
913 2086 1026 2170 Neque
1048 2087 1081 2152 in
1103 2087 1215 2170 lingua

97 2199 232 2262 graeea
255 2184 326 2250 eius
348 2183 457 2266 stirpis
477 2183 595 2266 rau-ju·
617 2186 755 2268 vestigia
776 2185 908 2266 desunt,
932 2183 974 2252 de
996 2185 1110 2268 quibus
1132 2184 1215 2250 infra

97 2279 148 2345 erit
168 2281 342 2363 agendum,
368 2299 561 2362 quamquam
584 2280 698 2348 Graeoi
722 2282 911 2366 plerumque
932 2282 1123 2350 brevissima
1144 2301 1215 2365 pro·

97 2377 221 2444 nominis
243 2379 427 2462 personalis
442 2377 543 2462 stirpe
557 2375 667 2460 (ἐ-μό-
681 2409 724 2432 =
738 2386 816 2459 ran-J
839 2381 882 2447 ad
903 2381 1121 2465 possessivum
1143 2398 1214 2463 pro·

96 2494 202 2542 nomen
225 2475 474 2560 exprimendum
496 2475 545 2542 usi
568 2482 650 2541 suut.

169 2576 345 2641 Praeterea
354 2573 417 2639 huo
427 2573 498 2640 sine
510 2573 608 2638 dubio
620 2572 779 2640 trahenda
790 2580 865 2640 sunt
874 2576 1009 2658 gotiea
1022 2575 1214 2659 pronomina

95 2663 281 2754 possessiva,
304 2691 385 2755 quae
400 2671 516 2752 adhue,
533 2677 686 2752 quantum
701 2670 777 2751 seio,
793 2672 936 2737 nondum
951 2679 1026 2738 sunt
1041 2673 1212 2757 explieata.

95 2771 190 2853 Atque
213 2771 315 2837 etiam
337 2769 561 2835 Sohleieherus
582 2768 616 2832 iu
638 2766 749 2850 Oomp.
772 2789 803 2851 p.
821 2771 881 2834 633
905 2789 945 2835 ea
965 2769 1020 2835 vix
1042 2789 1138 2852 posse
1160 2788 1214 2836 ex·

94 2867 196 2950 plieari
219 2867 398 2935 oontendit.
443 2866 497 2932 Uti
528 2866 613 2930 enim
642 2866 766 2927 naseins
787 2865 898 2943 (salus)
915 2886 969 2931 ex
990 2865 1212 2952 *nas-jamia,

94 2966 258 3045 prr-valeiae
277 2965 416 3042 (electio)
438 2984 479 3032 ex
501 2965 765 3050 *qu-oal-jaaia
787 2973 890 3032 ortum
905 2983 976 3032 esse
994 2962 1082 3030 'inter
1102 2983 1213 3032 omnes

94 3072 217 3147 constat,
240 3064 290 3128 ita
312 3064 414 3126 meina
435 3082 477 3128 ex
499 3061 692 3148 *mu-ja-na,
715 3063 829 3130 suffixo
851 3079 903 3140 aa,
925 3061 1011 3146 quod
1033 3063 1121 3146 apud
1136 3063 1213 3128 Ger·

94 3179 196 3227 manos
217 3159 321 3226 valde
342 3165 390 3225 est
412 3161 581 3242 usitatum,
611 3159 755 3244 adiecto,
787 3160 943 3244 originem
965 3161 1103 3226 traxisse
1124 3167 1211 3243 puto.
1318 3242 1321 3248 Ι

94 3257 237 3326 Gotomm
260 3276 441 3343 pronomen
463 3278 549 3342 poss.
572 3277 635 3324 see.
658 3278 742 3343 pers.
766 3259 871 3322 ther'ua
893 3257 1069 3325 seeundum
1091 3257 1212 3324 formae

93 3358 185 3420 mana
213 3354 401 3437 analogiam
431 3373 472 3420 ex
501 3352 686 3438 *too-jo-na
714 3360 743 3435 (o
766 3363 839 3440 post
860 3366 875 3419 t
895 3357 1011 3423 omisso
1033 3356 1080 3421 uti
1107 3356 1141 3420 iu
1163 3354 1212 3417 rr'lr
1319 3391 1322 3396 -

93 3454 188 3520 arad.
203 3475 259 3518 aaa
278 3457 310 3518 et
323 3452 358 3516 in
372 3451 459 3516 saihs
473 3473 530 3536 pro
545 3450 683 3526 *sonita
707 3453 761 3519 eir.
777 3452 828 3518 nd.
843 3453 965 3526 throno,
989 3452 1074 3518 Ourt.
1088 3453 1211 3536 Etym.⁴

94 3569 120 3632 p.
141 3555 213 3627 388)
236 3556 350 3616 natum
374 3557 432 3616 est.
768 3609 769 3614 ,
1205 3625 1208 3638 Ι

169 3648 332 3730 Quoniam
362 3646 403 3712 de
430 3647 539 3714 formis
562 3647 742 3731 linguarum
764 3653 971 3730 cognatarum
994 3645 1092 3711 variis
1114 3663 1211 3728 expo·

93 3746 214 3829 suimus,
236 3765 324 3813 nune
346 3742 388 3810 de
402 3745 527 3827 origine
549 3751 582 3811 et
602 3745 791 3812 formatione
810 3743 918 3827 stirpis
939 3761 1056 3806 muma—
1078 3751 1126 3810 est
1149 3742 1212 3810 dis·

92 3843 266 3910 serendum.

169 3940 393 4008 Sehleieherus
420 3939 541 4023 aliique
568 3939 629 4004 viri
647 3939 743 4006 ‘doeti
770 3957 873 4002 mama
894 3937 1079 4022 genetivum
1101 3939 1211 4021 genui·

93 4055 162 4102 num
190 4043 402 4122 putaverunt,
436 4055 508 4102 oum
536 4037 593 4104 ille
621 4057 737 4110 mama,
775 4055 858 4120 quae
885 4035 1086 4122 redupiieata
1114 4037 1210 4124 stirps
1293 4066 1300 4078 ·

137 4136 238 4179 Onnum
252 4149 274 4180 u.
286 4139 412 4186 Banasam,
429 4137 522 4180 Studien
535 4138 561 4180 X.
685 4191 688 4198 .
990 4141 1005 4192 5
