2986 4864
233 418 295 480 376
748 379 838 482 Spiess

234 601 297 675 est,
328 591 403 677 quia
430 589 515 656 hanc
536 586 701 672 participii
732 585 865 651 formam
894 583 929 648 in
956 583 1044 665 puris
1067 581 1198 648 Doridis
1221 581 1361 649 fontibus

229 691 377 774 legimus.
407 685 539 770 Majoris
561 684 713 770 ponderis
728 689 786 766 est,
809 681 894 767 quod
910 681 1045 766 optativi
1066 679 1177 746 aoristi
1199 680 1361 765 pleniores

234 786 475 855 terminationes
497 807 579 861 -εια,
605 805 706 860 -ειας,
730 804 817 847 -ειεν
839 780 995 847 Aeolibus
1017 778 1214 862 tribuuntur;
1246 778 1360 860 legitur

236 886 321 951 enim
345 880 540 948 caducaeo
562 881 596 946 in
619 899 752 965 papyro,
781 882 883 944 metro
906 876 1085 961 probatum,
1112 874 1199 959 quod
1222 895 1243 940 a
1265 875 1363 940 Laco·

236 983 309 1048 nica
331 980 470 1047 dialecto
492 979 633 1045 alienum
657 978 755 1058 duco,
778 974 836 1042 sed
858 975 943 1040 hanc
965 993 1091 1057 quoque
1112 973 1250 1039 formam
1274 973 1363 1056 epica

235 1079 378 1146 carmina
400 1077 563 1145 exhibent.

321 1177 411 1242 Haec
432 1175 544 1253 habes,
570 1191 652 1256 quae
674 1171 708 1235 in
731 1169 924 1236 Alcmanicis
945 1170 1134 1252 fragmentis
1156 1169 1293 1236 Aeolica
1315 1168 1363 1245 uel

237 1281 311 1342 sunt
332 1274 385 1339 vel
414 1291 486 1338 esse
507 1270 665 1349 videntur,
696 1268 851 1350 equibus
878 1266 1070 1333 concludere
1100 1266 1273 1350 debemus,
1305 1287 1364 1350 quo

237 1372 358 1438 ambitu
381 1375 477 1452 poeta
498 1369 532 1433 in
555 1365 748 1433 carminibus
770 1365 836 1432 suis
855 1365 1043 1432 Lesbiaoam
1067 1364 1244 1430 dialectum
1267 1365 1364 1431 admi-

237 1469 324 1536 serit.
369 1467 442 1532 Non
471 1485 575 1549 pauca
603 1463 763 1544 videntur,
793 1482 877 1545 quae
905 1463 1085 1543 attulimus,
1114 1481 1186 1528 cum
1216 1483 1283 1527 non
1314 1462 1366 1528 ad·

238 1565 367 1631 modum
401 1562 501 1628 multa
533 1562 663 1628 omnino
696 1561 775 1639 sint,
809 1561 923 1642 quibus
952 1561 1112 1626 Laconica
1144 1567 1176 1626 et
1208 1560 1366 1626 Lesbiaca

239 1663 367 1731 dialecti
390 1661 473 1727 inter
495 1679 531 1726 se
553 1660 718 1738 differant,
748 1655 805 1724 sed
828 1656 889 1723 hoc
911 1659 971 1725 sub
994 1659 1104 1724 oculos
1125 1656 1231 1739 cadit,
1255 1660 1367 1724 utrius·

239 1781 301 1845 que
324 1758 454 1826 dialecti
476 1758 509 1823 in
526 1755 721 1823 Alcmanicis
736 1753 924 1837 fragmentis
938 1754 1159 1821 condicionem
1175 1774 1250 1821 esse
1267 1755 1367 1821 diver-

239 1879 318 1925 sam.
348 1856 433 1923 Nam
456 1875 538 1939 quae
560 1855 617 1920 illa
638 1853 737 1919 habet
759 1852 944 1937 peculiaria,
969 1871 1008 1918 ea
1029 1852 1062 1917 in
1086 1852 1208 1936 majore
1231 1852 1368 1918 vocabu·

240 1958 342 2021 lorum
365 1959 457 2038 parte
472 1952 723 2036 conspiciuntur;
747 1950 924 2017 Lesbiacae
945 1951 1157 2033 proprietates
1173 1948 1243 2016 fere
1259 1970 1367 2016 omncs

239 2074 312 2118 raro
335 2055 503 2136 apparent.
549 2049 693 2129 Accedit,
725 2046 810 2130 quod
833 2047 988 2131 majorem
1011 2049 1232 2131 exemplorum
1256 2050 1368 2114 allato·

240 2171 310 2215 rom
339 2155 464 2233 partem
492 2167 534 2212 ne
561 2153 646 2212 certo
675 2144 804 2227 quidem
827 2145 981 2211 Aeolibus
1002 2144 1170 2211 vindicare
1197 2147 1368 2228 potuimus.

241 2249 309 2327 Est,
330 2246 386 2311 ubi
408 2243 584 2310 accuratior
599 2244 744 2325 quaestio
760 2243 912 2323 docuerit,
935 2261 1058 2324 vocem,
1080 2261 1163 2323 quae
1178 2243 1368 2310 Lesbiacam

241 2342 403 2427 quandam
433 2341 571 2425 speciem
601 2359 679 2424 prae
707 2360 742 2406 se
770 2342 866 2420 ferat,
896 2359 931 2404 re
960 2359 1037 2405 vera
1065 2340 1106 2405 ab
1136 2341 1197 2406 hac
1230 2341 1368 2409 dialecto

242 2441 383 2522 alienam
398 2458 485 2521 esse;
508 2439 582 2520 alia,
600 2458 682 2522 quae
697 2438 830 2504 Aeolica
844 2437 961 2502 duccrc
983 2456 1161 2520 possumus,
1182 2456 1249 2503 non
1267 2439 1369 2505 minus

242 2539 335 2622 opica
349 2543 439 2620 suut;
463 2535 582 2601 deinde
597 2535 726 2619 saepius
742 2554 790 2616 ea,
814 2554 897 2617 quae
911 2534 1099 2600 Lesbiorum
1115 2554 1188 2601 esse
1209 2556 1369 2618 gramma-

242 2636 297 2702 tici
319 2634 499 2720 perhibent,
523 2635 575 2699 vel
592 2640 738 2699 notarum
762 2633 938 2712 formarum
954 2632 1107 2714 analogia
1128 2634 1330 2716 comprobat,
1352 2655 1370 2698 a

242 2733 403 2799 Laconica
426 2731 564 2796 dialecto
586 2729 774 2813 abjudicare
796 2749 862 2794 non
884 2729 954 2794 ausi
976 2749 1098 2810 sumus,
1127 2749 1202 2795 nam
1226 2751 1370 2814 praeser-

242 2831 299 2896 tim
324 2829 365 2896 de
386 2828 426 2894 iis
447 2828 611 2912 literarum
634 2826 937 2911 permutationibus,
964 2845 1047 2908 quae
1069 2847 1134 2892 non
1157 2828 1224 2893 late
1248 2836 1368 2912 patent,

244 2925 358 2993 sedin
381 2925 492 3008 paucis
515 2924 705 3007 quibusdam
729 2923 894 2989 vocabulis
917 2924 1066 3004 existunt,
1091 2923 1221 2990 difficile
1243 2935 1295 2993 est
1318 2928 1370 2992 ali-

243 3022 320 3104 quid
342 3022 418 3087 certi
436 3020 550 3086 dicere.
585 3021 707 3099 Quibus
722 3020 934 3087 consideratis
948 3019 1046 3086 valde
1067 3020 1103 3087 fit
1125 3019 1271 3104 dubium,
1295 3044 1369 3090 num

243 3125 371 3203 praeter
393 3136 433 3183 ca
454 3116 607 3206 idiomata
629 3118 826 3200 Lesbiorum,
850 3136 933 3199 quae
954 3119 1008 3182 vel
1029 3118 1063 3182 in
1085 3119 1279 3202 fragmentis
1303 3122 1370 3188 Alc-

244 3215 439 3281 manicorum
462 3214 637 3279 carminum
667 3217 743 3282 satis
766 3216 877 3281 crebro
906 3214 1120 3298 inveniuntur,
1150 3241 1185 3281 οι
1206 3238 1267 3301 pro
1292 3243 1319 3283 ω
1342 3226 1371 3284 et

245 3311 287 3378 od
314 3333 372 3396 pro
396 3311 425 3391 ζ,
455 3317 551 3393 poeta
573 3312 730 3380 Lesbiaco
760 3313 888 3378 omnino
918 3331 996 3378 suae
1024 3312 1161 3380 dialecto
1191 3314 1370 3383 admiscere

244 3410 392 3476 voluerit.
436 3409 506 3474 Illis
534 3415 641 3476 autem
670 3410 810 3475 Aeolicis
836 3409 938 3476 literis
965 3411 1092 3477 ornavit
1120 3411 1216 3477 etiam
1252 3413 1370 3479 formas

244 3507 426 3590 ceteroquin
461 3508 651 3589 Laconicas,
693 3513 728 3571 ut
765 3527 829 3572 non
862 3528 1037 3591 numquam
1075 3508 1235 3593 hybridae
1277 3530 1396 3598 voces,

243 3611 466 3672 nascerentur:
502 3601 876 3685 ootoooope‘doao',
901 3602 1099 3683 b'odovro,
1130 3606 1215 3688 quod
1240 3609 1370 3674 Aeolice

243 3701 390 3769 dodonec
413 3696 559 3769 sonuisse
580 3701 722 3783 videtur3
753 3725 786 3767 οι
808 3722 867 3786 pro
890 3726 916 3767 ω
939 3703 1024 3768 intra
1048 3703 1289 3787 participiorum
1313 3712 1369 3772 ter-

244 3800 348 3866 minos
377 3799 530 3881 coercuit,
560 3800 672 3882 siqua
697 3799 777 3866 fides
804 3807 853 3866 est
878 3799 1040 3866 codicibus
1068 3800 1195 3866 nostris.
1239 3802 1316 3868 Jam
1344 3801 1368 3868 si

246 3897 435 3977 quaerimus,
458 3916 514 3961 cur
534 3896 615 3962 haee
636 3897 835 3981 potissimum
851 3918 891 3964 ex
907 3897 1064 3964 Lesbiaco
1079 3895 1218 3964 dialecto
1233 3900 1369 3966 Alcman

245 3991 287 4055 in.
301 4011 392 4057 suum
414 4013 506 4059 usum
527 3995 730 4074 converterit,
753 3995 988 4079 respiciendum
1011 4002 1074 4077 est,
1104 3994 1245 4061 eundem
1267 3999 1368 4062 virum
