<?xml version="1.0" encoding="UTF-8"?>
<!DOCTYPE html PUBLIC "-//W3C//DTD XHTML 1.0 Transitional//EN"
    "http://www.w3.org/TR/xhtml1/DTD/xhtml1-transitional.dtd">
<html xmlns="http://www.w3.org/1999/xhtml" xml:lang="en" lang="en">
 <head>
  <title>
</title>
<meta http-equiv="Content-Type" content="text/html;charset=utf-8" />
  <meta name='ocr-system' content='tesseract 3.04.00' />
  <meta name='ocr-capabilities' content='ocr_page ocr_carea ocr_par ocr_line ocrx_word'/>
</head>
<body>
  <div class='ocr_page' id='page_1' title='image "./studienzurgriec01vanigoog_0346.png"; bbox 0 0 2968 4866; ppageno 0'>
   <div class='ocr_carea' id='block_1_1' title="bbox 165 411 861 500">
    <p class='ocr_par' dir='ltr' id='par_1_1' title="bbox 165 411 861 500">
     <span class='ocr_line' id='line_1_1' title="bbox 165 411 861 500; baseline -0.009 -27"><span class='ocrx_word' id='word_1_1' title='bbox 165 487 171 500; x_wconf 40' lang='grc'><em>“</em></span> <span class='ocrx_word' id='word_1_2' title='bbox 191 483 194 489; x_wconf 43' lang='grc'>,</span> <span class='ocrx_word' id='word_1_3' title='bbox 256 411 319 474; x_wconf 83' lang='grc'><strong>334</strong></span> <span class='ocrx_word' id='word_1_4' title='bbox 350 471 355 479; x_wconf 72' lang='grc'><strong>,</strong></span> <span class='ocrx_word' id='word_1_5' title='bbox 769 412 861 483; x_wconf 86' lang='lat' dir='ltr'><strong>Spiess</strong></span> 
     </span>
    </p>
   </div>
   <div class='ocr_carea' id='block_1_2' title="bbox 255 585 1385 1068">
    <p class='ocr_par' dir='ltr' id='par_1_2' title="bbox 255 585 1385 1068">
     <span class='ocr_line' id='line_1_2' title="bbox 257 585 1383 670; baseline 0.001 -16"><span class='ocrx_word' id='word_1_6' title='bbox 257 587 410 670; x_wconf 87' lang='lat' dir='ltr'><strong>temporis</strong></span> <span class='ocrx_word' id='word_1_7' title='bbox 432 587 604 670; x_wconf 89' lang='lat' dir='ltr'><strong>conspicua</strong></span> <span class='ocrx_word' id='word_1_8' title='bbox 626 586 700 652; x_wconf 90' lang='lat' dir='ltr'><strong>sint.</strong></span> <span class='ocrx_word' id='word_1_9' title='bbox 744 587 834 653; x_wconf 85' lang='lat' dir='ltr'><strong>Haec&#39;</strong></span> <span class='ocrx_word' id='word_1_10' title='bbox 855 585 1068 653; x_wconf 80' lang='lat' dir='ltr'>Alexandrini</span> <span class='ocrx_word' id='word_1_11' title='bbox 1096 585 1130 650; x_wconf 92' lang='lat' dir='ltr'><strong>in</strong></span> <span class='ocrx_word' id='word_1_12' title='bbox 1153 593 1264 654; x_wconf 90' lang='lat' dir='ltr'><strong>mente</strong></span> <span class='ocrx_word' id='word_1_13' title='bbox 1284 589 1383 655; x_wconf 90' lang='lat' dir='ltr'><strong>habe-</strong></span> 
     </span>
     <span class='ocr_line' id='line_1_3' title="bbox 255 681 1384 770; baseline -0.001 -20"><span class='ocrx_word' id='word_1_14' title='bbox 255 685 344 765; x_wconf 83' lang='lat' dir='ltr'><strong>bant,</strong></span> <span class='ocrx_word' id='word_1_15' title='bbox 366 703 437 748; x_wconf 90' lang='lat' dir='ltr'><strong>cum</strong></span> <span class='ocrx_word' id='word_1_16' title='bbox 461 684 768 768; x_wconf 87' lang='lat' dir='ltr'><strong>transscriptoribus,</strong></span> <span class='ocrx_word' id='word_1_17' title='bbox 791 704 871 768; x_wconf 89' lang='lat' dir='ltr'><strong>quos</strong></span> <span class='ocrx_word' id='word_1_18' title='bbox 892 681 971 761; x_wconf 73' lang='grc' dir='ltr'><strong><em>τοὺς</em></strong></span> <span class='ocrx_word' id='word_1_19' title='bbox 986 688 1384 770; x_wconf 80' lang='grc' dir='ltr'><strong><em>μεταχαρακτηρίσαντας</em></strong></span> 
     </span>
     <span class='ocr_line' id='line_1_4' title="bbox 257 780 1382 866; baseline 0.002 -20"><span class='ocrx_word' id='word_1_20' title='bbox 257 780 416 861; x_wconf 89' lang='lat' dir='ltr'><strong>dicebant,</strong></span> <span class='ocrx_word' id='word_1_21' title='bbox 440 800 563 847; x_wconf 87' lang='lat' dir='ltr'><strong>errores</strong></span> <span class='ocrx_word' id='word_1_22' title='bbox 577 781 733 864; x_wconf 90' lang='lat' dir='ltr'><strong>quosdam</strong></span> <span class='ocrx_word' id='word_1_23' title='bbox 749 781 909 848; x_wconf 87' lang='lat' dir='ltr'><strong>scribendi</strong></span> <span class='ocrx_word' id='word_1_24' title='bbox 925 783 1118 849; x_wconf 80' lang='lat' dir='ltr'>tribuebant.</span> <span class='ocrx_word' id='word_1_25' title='bbox 1153 782 1257 848; x_wconf 86' lang='lat' dir='ltr'><strong>Nobis</strong></span> <span class='ocrx_word' id='word_1_26' title='bbox 1272 784 1382 866; x_wconf 85' lang='lat' dir='ltr'><strong>magni</strong></span> 
     </span>
     <span class='ocr_line' id='line_1_5' title="bbox 255 866 1385 962; baseline -0.001 -16"><span class='ocrx_word' id='word_1_27' title='bbox 255 887 305 946; x_wconf 97' lang='grc' dir='ltr'><strong>θεῖ</strong></span> <span class='ocrx_word' id='word_1_28' title='bbox 325 879 496 960; x_wconf 81' lang='lat' dir='ltr'><strong>momenti,</strong></span> <span class='ocrx_word' id='word_1_29' title='bbox 523 878 608 962; x_wconf 92' lang='lat' dir='ltr'><strong>qnod</strong></span> <span class='ocrx_word' id='word_1_30' title='bbox 632 866 756 946; x_wconf 82' lang='lat' dir='ltr'><strong>duabus</strong></span> <span class='ocrx_word' id='word_1_31' title='bbox 778 881 879 946; x_wconf 87' lang='lat' dir='ltr'><strong>literis</strong></span> <span class='ocrx_word' id='word_1_32' title='bbox 905 883 933 945; x_wconf 93' lang='grc' dir='ltr'><em>Ο</em></span> <span class='ocrx_word' id='word_1_33' title='bbox 957 888 989 946; x_wconf 87' lang='grc' dir='ltr'><strong>θῖ</strong></span> <span class='ocrx_word' id='word_1_34' title='bbox 1011 883 1040 944; x_wconf 84' lang='grc' dir='ltr'><em>Ε</em></span> <span class='ocrx_word' id='word_1_35' title='bbox 1061 887 1093 945; x_wconf 89' lang='lat' dir='ltr'><strong>et</strong></span> <span class='ocrx_word' id='word_1_36' title='bbox 1115 880 1232 945; x_wconf 84' lang='lat' dir='ltr'><strong>breves</strong></span> <span class='ocrx_word' id='word_1_37' title='bbox 1255 882 1385 947; x_wconf 83' lang='lat' dir='ltr'><strong>vocales</strong></span> 
     </span>
     <span class='ocr_line' id='line_1_6' title="bbox 256 977 1383 1068; baseline 0.001 -27"><span class='ocrx_word' id='word_1_38' title='bbox 256 1001 275 1041; x_wconf 92' lang='lat' dir='ltr'><strong>o</strong></span> <span class='ocrx_word' id='word_1_39' title='bbox 299 983 331 1042; x_wconf 92' lang='grc' dir='ltr'><strong>θῖ</strong></span> <span class='ocrx_word' id='word_1_40' title='bbox 353 1001 379 1055; x_wconf 87' lang='grc' dir='ltr'><strong>ε,</strong></span> <span class='ocrx_word' id='word_1_41' title='bbox 403 983 435 1043; x_wconf 90' lang='lat' dir='ltr'><strong>et</strong></span> <span class='ocrx_word' id='word_1_42' title='bbox 455 978 570 1060; x_wconf 86' lang='lat' dir='ltr'><strong>longas</strong></span> <span class='ocrx_word' id='word_1_43' title='bbox 594 1002 620 1040; x_wconf 91' lang='grc' dir='ltr'>ω</span> <span class='ocrx_word' id='word_1_44' title='bbox 643 983 708 1063; x_wconf 73' lang='lat' dir='ltr'><strong>etp</strong></span> <span class='ocrx_word' id='word_1_45' title='bbox 726 985 758 1043; x_wconf 93' lang='lat' dir='ltr'><strong>et</strong></span> <span class='ocrx_word' id='word_1_46' title='bbox 779 977 978 1044; x_wconf 89' lang='lat' dir='ltr'><strong>adulterinas</strong></span> <span class='ocrx_word' id='word_1_47' title='bbox 998 978 1219 1068; x_wconf 83' lang='lat' dir='ltr'><strong>diphthongos</strong></span> <span class='ocrx_word' id='word_1_48' title='bbox 1243 999 1282 1040; x_wconf 88' lang='lat' dir='ltr'><strong>ov</strong></span> <span class='ocrx_word' id='word_1_49' title='bbox 1305 984 1338 1043; x_wconf 93' lang='lat' dir='ltr'><strong>et</strong></span> <span class='ocrx_word' id='word_1_50' title='bbox 1353 1000 1383 1042; x_wconf 89' lang='grc' dir='ltr'><strong>ει</strong></span> 
     </span>
    </p>
   </div>
   <div class='ocr_carea' id='block_1_3' title="bbox 156 1075 1023 1159">
    <p class='ocr_par' dir='ltr' id='par_1_3' title="bbox 156 1075 1023 1159">
     <span class='ocr_line' id='line_1_7' title="bbox 156 1075 1023 1159; baseline 0 -19"><span class='ocrx_word' id='word_1_51' title='bbox 156 1095 161 1104; x_wconf 92' lang='grc'><em>·</em></span> <span class='ocrx_word' id='word_1_52' title='bbox 255 1075 437 1157; x_wconf 81' lang='lat' dir='ltr'><strong>antiquiore</strong></span> <span class='ocrx_word' id='word_1_53' title='bbox 462 1082 606 1159; x_wconf 89' lang='lat' dir='ltr'><strong>tempore</strong></span> <span class='ocrx_word' id='word_1_54' title='bbox 628 1094 782 1158; x_wconf 84' lang='lat' dir='ltr'><strong>expressa</strong></span> <span class='ocrx_word' id='word_1_55' title='bbox 804 1094 875 1142; x_wconf 89' lang='lat' dir='ltr'><strong>esse</strong></span> <span class='ocrx_word' id='word_1_56' title='bbox 897 1076 1023 1142; x_wconf 87' lang='lat' dir='ltr'><strong>seimus.</strong></span> 
     </span>
    </p>
   </div>
   <div class='ocr_carea' id='block_1_4' title="bbox 256 1170 1388 1645">
    <p class='ocr_par' dir='ltr' id='par_1_4' title="bbox 256 1170 1388 1645">
     <span class='ocr_line' id='line_1_8' title="bbox 341 1170 1386 1255; baseline -0.003 -18"><span class='ocrx_word' id='word_1_57' title='bbox 341 1171 453 1238; x_wconf 82' lang='lat' dir='ltr'><strong>Altera</strong></span> <span class='ocrx_word' id='word_1_58' title='bbox 475 1170 645 1236; x_wconf 85' lang='lat' dir='ltr'><strong>difficultas</strong></span> <span class='ocrx_word' id='word_1_59' title='bbox 674 1177 761 1239; x_wconf 88' lang='lat' dir='ltr'><strong>reete</strong></span> <span class='ocrx_word' id='word_1_60' title='bbox 784 1171 824 1237; x_wconf 91' lang='lat' dir='ltr'><strong>de</strong></span> <span class='ocrx_word' id='word_1_61' title='bbox 848 1180 1013 1255; x_wconf 89' lang='lat' dir='ltr'><strong>poetarum</strong></span> <span class='ocrx_word' id='word_1_62' title='bbox 1042 1171 1191 1238; x_wconf 76' lang='lat' dir='ltr'><strong>dialectis</strong></span> <span class='ocrx_word' id='word_1_63' title='bbox 1214 1171 1386 1254; x_wconf 86' lang='lat' dir='ltr'><strong>judicandi</strong></span> 
     </span>
     <span class='ocr_line' id='line_1_9' title="bbox 257 1268 1386 1354; baseline 0 -19"><span class='ocrx_word' id='word_1_64' title='bbox 257 1277 306 1336; x_wconf 88' lang='lat' dir='ltr'><strong>est</strong></span> <span class='ocrx_word' id='word_1_65' title='bbox 327 1269 532 1354; x_wconf 85' lang='lat' dir='ltr'><strong>popularium</strong></span> <span class='ocrx_word' id='word_1_66' title='bbox 555 1268 764 1334; x_wconf 89' lang='lat' dir='ltr'><strong>dialectorum</strong></span> <span class='ocrx_word' id='word_1_67' title='bbox 786 1271 925 1351; x_wconf 75' lang='lat' dir='ltr'><strong>cognitio</strong></span> <span class='ocrx_word' id='word_1_68' title='bbox 947 1289 1061 1354; x_wconf 90' lang='lat' dir='ltr'><strong>parum</strong></span> <span class='ocrx_word' id='word_1_69' title='bbox 1076 1278 1174 1336; x_wconf 89' lang='lat' dir='ltr'><strong>certa.</strong></span> <span class='ocrx_word' id='word_1_70' title='bbox 1205 1270 1291 1335; x_wconf 87' lang='lat' dir='ltr'><strong>Nam</strong></span> <span class='ocrx_word' id='word_1_71' title='bbox 1314 1289 1386 1335; x_wconf 89' lang='lat' dir='ltr'><strong>cnm</strong></span> 
     </span>
     <span class='ocr_line' id='line_1_10' title="bbox 256 1366 1387 1452; baseline 0 -22"><span class='ocrx_word' id='word_1_72' title='bbox 256 1366 378 1451; x_wconf 85' lang='lat' dir='ltr'><strong>primus</strong></span> <span class='ocrx_word' id='word_1_73' title='bbox 399 1366 527 1432; x_wconf 73' lang='lat' dir='ltr'><strong>Absens</strong></span> <span class='ocrx_word' id='word_1_74' title='bbox 549 1373 649 1432; x_wconf 89' lang='lat' dir='ltr'><strong>totam</strong></span> <span class='ocrx_word' id='word_1_75' title='bbox 671 1366 806 1432; x_wconf 82' lang='lat' dir='ltr'><strong>fontium</strong></span> <span class='ocrx_word' id='word_1_76' title='bbox 834 1368 960 1452; x_wconf 91' lang='lat' dir='ltr'><strong>copiam</strong></span> <span class='ocrx_word' id='word_1_77' title='bbox 982 1369 1152 1451; x_wconf 81' lang='lat' dir='ltr'><strong>amplexus</strong></span> <span class='ocrx_word' id='word_1_78' title='bbox 1175 1366 1332 1434; x_wconf 79' lang='lat' dir='ltr'><strong>Doridem</strong></span> <span class='ocrx_word' id='word_1_79' title='bbox 1355 1371 1387 1434; x_wconf 91' lang='lat' dir='ltr'><strong>et</strong></span> 
     </span>
     <span class='ocr_line' id='line_1_11' title="bbox 256 1462 1388 1548; baseline 0 -18"><span class='ocrx_word' id='word_1_80' title='bbox 256 1462 425 1530; x_wconf 80' lang='lat' dir='ltr'><strong>Aeolidem</strong></span> <span class='ocrx_word' id='word_1_81' title='bbox 454 1463 694 1530; x_wconf 86' lang='lat' dir='ltr'><strong>adumbraverit</strong></span> <span class='ocrx_word' id='word_1_82' title='bbox 721 1465 990 1548; x_wconf 81' lang='lat' dir='ltr'><strong>gravissimasque</strong></span> <span class='ocrx_word' id='word_1_83' title='bbox 1018 1466 1125 1548; x_wconf 84' lang='lat' dir='ltr'><strong>leges,</strong></span> <span class='ocrx_word' id='word_1_84' title='bbox 1162 1485 1244 1547; x_wconf 90' lang='lat' dir='ltr'><strong>quas</strong></span> <span class='ocrx_word' id='word_1_85' title='bbox 1273 1466 1388 1530; x_wconf 84' lang='lat' dir='ltr'><strong>variae</strong></span> 
     </span>
     <span class='ocr_line' id='line_1_12' title="bbox 257 1561 1388 1645; baseline 0.001 -20"><span class='ocrx_word' id='word_1_86' title='bbox 257 1562 385 1626; x_wconf 90' lang='lat' dir='ltr'><strong>illarum</strong></span> <span class='ocrx_word' id='word_1_87' title='bbox 415 1561 719 1644; x_wconf 89' lang='lat' dir='ltr'><strong>speciesseountu1·‚</strong></span> <span class='ocrx_word' id='word_1_88' title='bbox 751 1563 1019 1629; x_wconf 81' lang='lat' dir='ltr'><strong>demonstraverit</strong></span> <span class='ocrx_word' id='word_1_89' title='bbox 1040 1570 1072 1628; x_wconf 87' lang='lat' dir='ltr'><strong>et</strong></span> <span class='ocrx_word' id='word_1_90' title='bbox 1100 1564 1193 1627; x_wconf 92' lang='lat' dir='ltr'><strong>multi</strong></span> <span class='ocrx_word' id='word_1_91' title='bbox 1216 1569 1291 1645; x_wconf 94' lang='lat' dir='ltr'><strong>post</strong></span> <span class='ocrx_word' id='word_1_92' title='bbox 1312 1581 1388 1626; x_wconf 93' lang='lat' dir='ltr'><strong>eum</strong></span> 
     </span>
    </p>
   </div>
   <div class='ocr_carea' id='block_1_5' title="bbox 140 1658 1390 1742">
    <p class='ocr_par' dir='ltr' id='par_1_5' title="bbox 140 1658 1390 1742">
     <span class='ocr_line' id='line_1_13' title="bbox 140 1658 1390 1742; baseline -0.002 -18"><span class='ocrx_word' id='word_1_93' title='bbox 140 1661 143 1668; x_wconf 90' lang='grc'><strong>’</strong></span> <span class='ocrx_word' id='word_1_94' title='bbox 257 1658 527 1724; x_wconf 80' lang='lat' dir='ltr'><strong>conformaverint</strong></span> <span class='ocrx_word' id='word_1_95' title='bbox 548 1666 580 1724; x_wconf 91' lang='lat' dir='ltr'><strong>et</strong></span> <span class='ocrx_word' id='word_1_96' title='bbox 602 1660 750 1725; x_wconf 85' lang='lat' dir='ltr'><strong>auxerint</strong></span> <span class='ocrx_word' id='word_1_97' title='bbox 766 1661 981 1742; x_wconf 81' lang='lat' dir='ltr'><strong>cognitionem</strong></span> <span class='ocrx_word' id='word_1_98' title='bbox 996 1667 1149 1740; x_wconf 87' lang='lat' dir='ltr'><strong>nostram,</strong></span> <span class='ocrx_word' id='word_1_99' title='bbox 1173 1665 1284 1725; x_wconf 71' lang='lat' dir='ltr'><strong>tamur</strong></span> <span class='ocrx_word' id='word_1_100' title='bbox 1306 1660 1390 1723; x_wconf 90' lang='lat' dir='ltr'><strong>mul-</strong></span> 
     </span>
    </p>
   </div>
   <div class='ocr_carea' id='block_1_6' title="bbox 209 1749 1393 3980">
    <p class='ocr_par' dir='ltr' id='par_1_6' title="bbox 209 1749 1393 2229">
     <span class='ocr_line' id='line_1_14' title="bbox 256 1749 1391 1840; baseline -0.001 -18"><span class='ocrx_word' id='word_1_101' title='bbox 256 1762 323 1822; x_wconf 89' lang='lat' dir='ltr'><strong>tum</strong></span> <span class='ocrx_word' id='word_1_102' title='bbox 349 1749 457 1836; x_wconf 88' lang='lat' dir='ltr'><strong>abest,</strong></span> <span class='ocrx_word' id='word_1_103' title='bbox 487 1763 523 1820; x_wconf 92' lang='lat' dir='ltr'><strong>ut</strong></span> <span class='ocrx_word' id='word_1_104' title='bbox 544 1757 652 1820; x_wconf 90' lang='lat' dir='ltr'><strong>omnia</strong></span> <span class='ocrx_word' id='word_1_105' title='bbox 673 1757 800 1838; x_wconf 81' lang='lat' dir='ltr'><strong>cognita</strong></span> <span class='ocrx_word' id='word_1_106' title='bbox 829 1758 1006 1824; x_wconf 88' lang='lat' dir='ltr'><strong>babeamus</strong></span> <span class='ocrx_word' id='word_1_107' title='bbox 1029 1763 1061 1824; x_wconf 90' lang='lat' dir='ltr'><strong>et</strong></span> <span class='ocrx_word' id='word_1_108' title='bbox 1088 1777 1148 1822; x_wconf 91' lang='lat' dir='ltr'><strong>sua</strong></span> <span class='ocrx_word' id='word_1_109' title='bbox 1170 1759 1286 1840; x_wconf 89' lang='lat' dir='ltr'><strong>cuique</strong></span> <span class='ocrx_word' id='word_1_110' title='bbox 1307 1763 1391 1822; x_wconf 90' lang='lat' dir='ltr'><strong>tem-</strong></span> 
     </span>
     <span class='ocr_line' id='line_1_15' title="bbox 256 1853 1391 1938; baseline 0.001 -19"><span class='ocrx_word' id='word_1_111' title='bbox 256 1854 342 1938; x_wconf 88' lang='lat' dir='ltr'><strong>pori,</strong></span> <span class='ocrx_word' id='word_1_112' title='bbox 373 1874 431 1920; x_wconf 88' lang='lat' dir='ltr'><strong>sua</strong></span> <span class='ocrx_word' id='word_1_113' title='bbox 453 1853 567 1936; x_wconf 88' lang='lat' dir='ltr'><strong>cuique</strong></span> <span class='ocrx_word' id='word_1_114' title='bbox 588 1854 659 1920; x_wconf 91' lang='lat' dir='ltr'><strong>loco</strong></span> <span class='ocrx_word' id='word_1_115' title='bbox 682 1861 768 1920; x_wconf 86' lang='lat' dir='ltr'><strong>certo</strong></span> <span class='ocrx_word' id='word_1_116' title='bbox 791 1856 958 1938; x_wconf 81' lang='lat' dir='ltr'><strong>assignare</strong></span> <span class='ocrx_word' id='word_1_117' title='bbox 980 1855 1148 1937; x_wconf 90' lang='lat' dir='ltr'><strong>possimus.</strong></span> <span class='ocrx_word' id='word_1_118' title='bbox 1195 1855 1391 1936; x_wconf 78' lang='lat' dir='ltr'><strong>Ubicunque</strong></span> 
     </span>
     <span class='ocr_line' id='line_1_16' title="bbox 256 1951 1391 2033; baseline -0.001 -16"><span class='ocrx_word' id='word_1_119' title='bbox 256 1951 408 2032; x_wconf 86' lang='lat' dir='ltr'><strong>analogia</strong></span> <span class='ocrx_word' id='word_1_120' title='bbox 429 1971 494 2016; x_wconf 90' lang='lat' dir='ltr'><strong>non</strong></span> <span class='ocrx_word' id='word_1_121' title='bbox 516 1951 614 2033; x_wconf 86' lang='lat' dir='ltr'><strong>valet,</strong></span> <span class='ocrx_word' id='word_1_122' title='bbox 637 1952 743 2020; x_wconf 81' lang='lat' dir='ltr'><strong>tenuis</strong></span> <span class='ocrx_word' id='word_1_123' title='bbox 762 1960 811 2018; x_wconf 88' lang='lat' dir='ltr'><strong>est</strong></span> <span class='ocrx_word' id='word_1_124' title='bbox 824 1962 864 2018; x_wconf 87' lang='lat' dir='ltr'><strong>et</strong></span> <span class='ocrx_word' id='word_1_125' title='bbox 886 1953 1006 2017; x_wconf 87' lang='lat' dir='ltr'><strong>incerta</strong></span> <span class='ocrx_word' id='word_1_126' title='bbox 1027 1959 1138 2018; x_wconf 87' lang='lat' dir='ltr'><strong>nostra</strong></span> <span class='ocrx_word' id='word_1_127' title='bbox 1159 1951 1306 2033; x_wconf 88' lang='lat' dir='ltr'><strong>scientia,</strong></span> <span class='ocrx_word' id='word_1_128' title='bbox 1330 1953 1391 2016; x_wconf 92' lang='lat' dir='ltr'><strong>im-</strong></span> 
     </span>
     <span class='ocr_line' id='line_1_17' title="bbox 256 2043 1393 2134; baseline 0.003 -21"><span class='ocrx_word' id='word_1_129' title='bbox 256 2048 368 2133; x_wconf 86' lang='lat' dir='ltr'><strong>primis</strong></span> <span class='ocrx_word' id='word_1_130' title='bbox 396 2047 623 2114; x_wconf 88' lang='lat' dir='ltr'><strong>vocabulorum</strong></span> <span class='ocrx_word' id='word_1_131' title='bbox 657 2049 766 2133; x_wconf 90' lang='lat' dir='ltr'><strong>copia,</strong></span> <span class='ocrx_word' id='word_1_132' title='bbox 799 2069 883 2131; x_wconf 87' lang='lat' dir='ltr'><strong>qnae</strong></span> <span class='ocrx_word' id='word_1_133' title='bbox 911 2049 1047 2131; x_wconf 84' lang='lat' dir='ltr'><strong>singulis</strong></span> <span class='ocrx_word' id='word_1_134' title='bbox 1079 2049 1227 2116; x_wconf 84' lang='lat' dir='ltr'><strong>dialectis</strong></span> <span class='ocrx_word' id='word_1_135' title='bbox 1257 2043 1393 2134; x_wconf 86' lang='lat' dir='ltr'><strong>prop&#39;ria</strong></span> 
     </span>
     <span class='ocr_line' id='line_1_18' title="bbox 209 2145 734 2229; baseline -0.004 -17"><span class='ocrx_word' id='word_1_136' title='bbox 209 2174 211 2178; x_wconf 49' lang='lat'><strong><em>¹</em></strong></span> <span class='ocrx_word' id='word_1_137' title='bbox 257 2154 316 2227; x_wconf 89' lang='lat' dir='ltr'><strong>cst,</strong></span> <span class='ocrx_word' id='word_1_138' title='bbox 339 2165 468 2229; x_wconf 91' lang='lat' dir='ltr'><strong>prorsus</strong></span> <span class='ocrx_word' id='word_1_139' title='bbox 491 2151 540 2210; x_wconf 89' lang='lat' dir='ltr'><strong>est</strong></span> <span class='ocrx_word' id='word_1_140' title='bbox 559 2145 734 2228; x_wconf 82' lang='lat' dir='ltr'><strong>incognita.</strong></span> 
     </span>
    </p>

    <p class='ocr_par' dir='ltr' id='par_1_7' title="bbox 235 2233 1392 3980">
     <span class='ocr_line' id='line_1_19' title="bbox 343 2233 1392 2326; baseline 0.006 -21"><span class='ocrx_word' id='word_1_141' title='bbox 343 2242 433 2320; x_wconf 79' lang='lat' dir='ltr'><strong>Quae</strong></span> <span class='ocrx_word' id='word_1_142' title='bbox 454 2261 525 2306; x_wconf 92' lang='lat' dir='ltr'><strong>cum</strong></span> <span class='ocrx_word' id='word_1_143' title='bbox 551 2242 598 2306; x_wconf 86' lang='lat' dir='ltr'><strong>ita</strong></span> <span class='ocrx_word' id='word_1_144' title='bbox 625 2244 704 2325; x_wconf 89' lang='lat' dir='ltr'><strong>sint,</strong></span> <span class='ocrx_word' id='word_1_145' title='bbox 734 2243 814 2310; x_wconf 89' lang='lat' dir='ltr'><strong>haec</strong></span> <span class='ocrx_word' id='word_1_146' title='bbox 842 2244 923 2310; x_wconf 91' lang='lat' dir='ltr'><strong>ratio</strong></span> <span class='ocrx_word' id='word_1_147' title='bbox 945 2245 978 2309; x_wconf 96' lang='lat' dir='ltr'><strong>in</strong></span> <span class='ocrx_word' id='word_1_148' title='bbox 1001 2244 1245 2326; x_wconf 86' lang='lat' dir='ltr'><strong>quaestionibus</strong></span> <span class='ocrx_word' id='word_1_149' title='bbox 1268 2233 1392 2312; x_wconf 80' lang='lat' dir='ltr'><strong>nostris</strong></span> 
     </span>
     <span class='ocr_line' id='line_1_20' title="bbox 256 2338 1391 2426; baseline 0.003 -22"><span class='ocrx_word' id='word_1_150' title='bbox 256 2338 400 2410; x_wconf 87' lang='lat' dir='ltr'><strong>ineunda</strong></span> <span class='ocrx_word' id='word_1_151' title='bbox 432 2345 490 2404; x_wconf 90' lang='grc' dir='ltr'>θεῖ.</span> <span class='ocrx_word' id='word_1_152' title='bbox 534 2340 617 2404; x_wconf 83' lang='grc' dir='ltr'>Τοῖθ</span> <span class='ocrx_word' id='word_1_153' title='bbox 649 2342 785 2407; x_wconf 88' lang='lat' dir='ltr'><strong>materia</strong></span> <span class='ocrx_word' id='word_1_154' title='bbox 817 2340 989 2424; x_wconf 83' lang='lat' dir='ltr'><strong>diligenter</strong></span> <span class='ocrx_word' id='word_1_155' title='bbox 1022 2343 1217 2426; x_wconf 89' lang='lat' dir='ltr'><strong>perlustrata</strong></span> <span class='ocrx_word' id='word_1_156' title='bbox 1250 2343 1391 2426; x_wconf 88' lang='lat' dir='ltr'><strong>primum</strong></span> 
     </span>
     <span class='ocr_line' id='line_1_21' title="bbox 235 2435 1389 2522; baseline 0.003 -19"><span class='ocrx_word' id='word_1_157' title='bbox 235 2456 447 2503; x_wconf 85' lang='lat' dir='ltr'><strong>enumerare</strong></span> <span class='ocrx_word' id='word_1_158' title='bbox 476 2435 629 2519; x_wconf 88' lang='lat' dir='ltr'><strong>debemus</strong></span> <span class='ocrx_word' id='word_1_159' title='bbox 658 2458 742 2519; x_wconf 93' lang='lat' dir='ltr'><strong>quae</strong></span> <span class='ocrx_word' id='word_1_160' title='bbox 765 2439 860 2504; x_wconf 89' lang='lat' dir='ltr'><strong>certis</strong></span> <span class='ocrx_word' id='word_1_161' title='bbox 887 2438 1015 2504; x_wconf 88' lang='lat' dir='ltr'><strong>indiciis</strong></span> <span class='ocrx_word' id='word_1_162' title='bbox 1037 2439 1205 2519; x_wconf 88' lang='lat' dir='ltr'><strong>Aeolicae,</strong></span> <span class='ocrx_word' id='word_1_163' title='bbox 1239 2440 1389 2522; x_wconf 86' lang='lat' dir='ltr'><strong>Doricae,</strong></span> 
     </span>
     <span class='ocr_line' id='line_1_22' title="bbox 256 2533 1389 2620; baseline 0.002 -20"><span class='ocrx_word' id='word_1_164' title='bbox 256 2536 368 2620; x_wconf 86' lang='lat' dir='ltr'><strong>opicae</strong></span> <span class='ocrx_word' id='word_1_165' title='bbox 397 2533 545 2600; x_wconf 84' lang='lat' dir='ltr'><strong>dialectis</strong></span> <span class='ocrx_word' id='word_1_166' title='bbox 566 2535 740 2602; x_wconf 86' lang='lat' dir='ltr'><strong>attribuere</strong></span> <span class='ocrx_word' id='word_1_167' title='bbox 767 2555 951 2620; x_wconf 90' lang='lat' dir='ltr'><strong>possumus,</strong></span> <span class='ocrx_word' id='word_1_168' title='bbox 982 2557 1023 2603; x_wconf 86' lang='lat' dir='ltr'><strong>ex</strong></span> <span class='ocrx_word' id='word_1_169' title='bbox 1051 2536 1101 2602; x_wconf 93' lang='lat' dir='ltr'><strong>his</strong></span> <span class='ocrx_word' id='word_1_170' title='bbox 1129 2545 1236 2604; x_wconf 85' lang='lat' dir='ltr'><strong>certas</strong></span> <span class='ocrx_word' id='word_1_171' title='bbox 1257 2539 1389 2620; x_wconf 84' lang='lat' dir='ltr'><strong>regulas</strong></span> 
     </span>
     <span class='ocr_line' id='line_1_23' title="bbox 256 2630 1389 2716; baseline -0.001 -17"><span class='ocrx_word' id='word_1_172' title='bbox 256 2633 403 2714; x_wconf 88' lang='lat' dir='ltr'><strong>invenire</strong></span> <span class='ocrx_word' id='word_1_173' title='bbox 431 2630 646 2714; x_wconf 89' lang='lat' dir='ltr'><strong>studebimus,</strong></span> <span class='ocrx_word' id='word_1_174' title='bbox 675 2652 756 2714; x_wconf 89' lang='lat' dir='ltr'><strong>quas</strong></span> <span class='ocrx_word' id='word_1_175' title='bbox 786 2640 902 2716; x_wconf 86' lang='lat' dir='ltr'><strong>poetae</strong></span> <span class='ocrx_word' id='word_1_176' title='bbox 923 2634 957 2698; x_wconf 93' lang='lat' dir='ltr'><strong>in</strong></span> <span class='ocrx_word' id='word_1_177' title='bbox 979 2633 1127 2699; x_wconf 86' lang='lat' dir='ltr'><strong>dialectis</strong></span> <span class='ocrx_word' id='word_1_178' title='bbox 1151 2635 1389 2701; x_wconf 86' lang='lat' dir='ltr'><strong>constituendis</strong></span> 
     </span>
     <span class='ocr_line' id='line_1_24' title="bbox 257 2729 1389 2813; baseline -0.003 -14"><span class='ocrx_word' id='word_1_179' title='bbox 257 2731 357 2799; x_wconf 88' lang='lat' dir='ltr'><strong>secuti</strong></span> <span class='ocrx_word' id='word_1_180' title='bbox 387 2749 458 2796; x_wconf 90' lang='lat' dir='ltr'><strong>esse</strong></span> <span class='ocrx_word' id='word_1_181' title='bbox 486 2729 652 2812; x_wconf 83' lang='lat' dir='ltr'><strong>videntur3</strong></span> <span class='ocrx_word' id='word_1_182' title='bbox 683 2730 733 2794; x_wconf 90' lang='lat' dir='ltr'><strong>his</strong></span> <span class='ocrx_word' id='word_1_183' title='bbox 761 2731 934 2813; x_wconf 81' lang='lat' dir='ltr'><strong>recognitis</strong></span> <span class='ocrx_word' id='word_1_184' title='bbox 961 2731 1162 2797; x_wconf 87' lang='lat' dir='ltr'><strong>librariorum</strong></span> <span class='ocrx_word' id='word_1_185' title='bbox 1189 2731 1313 2798; x_wconf 89' lang='lat' dir='ltr'><strong>menda</strong></span> <span class='ocrx_word' id='word_1_186' title='bbox 1338 2752 1389 2797; x_wconf 91' lang='lat' dir='ltr'><strong>sa-</strong></span> 
     </span>
     <span class='ocr_line' id='line_1_25' title="bbox 257 2828 1389 2914; baseline -0.001 -20"><span class='ocrx_word' id='word_1_187' title='bbox 257 2828 368 2894; x_wconf 90' lang='lat' dir='ltr'><strong>nanda</strong></span> <span class='ocrx_word' id='word_1_188' title='bbox 390 2832 498 2908; x_wconf 89' lang='lat' dir='ltr'><strong>erunt,</strong></span> <span class='ocrx_word' id='word_1_189' title='bbox 526 2829 596 2893; x_wconf 85' lang='lat' dir='ltr'><strong>sive</strong></span> <span class='ocrx_word' id='word_1_190' title='bbox 624 2828 698 2910; x_wconf 90' lang='lat' dir='ltr'><strong>post</strong></span> <span class='ocrx_word' id='word_1_191' title='bbox 718 2828 944 2909; x_wconf 84' lang='lat' dir='ltr'><strong>grammaticos</strong></span> <span class='ocrx_word' id='word_1_192' title='bbox 965 2829 999 2892; x_wconf 93' lang='lat' dir='ltr'><strong>in</strong></span> <span class='ocrx_word' id='word_1_193' title='bbox 1022 2835 1144 2909; x_wconf 85' lang='lat' dir='ltr'><strong>textum</strong></span> <span class='ocrx_word' id='word_1_194' title='bbox 1173 2837 1389 2914; x_wconf 89' lang='lat' dir='ltr'><strong>penetrarunt</strong></span> 
     </span>
     <span class='ocr_line' id='line_1_26' title="bbox 257 2925 1387 3010; baseline 0 -18"><span class='ocrx_word' id='word_1_195' title='bbox 257 2926 326 2992; x_wconf 88' lang='lat' dir='ltr'><strong>sive</strong></span> <span class='ocrx_word' id='word_1_196' title='bbox 360 2931 458 2990; x_wconf 89' lang='lat' dir='ltr'><strong>antea</strong></span> <span class='ocrx_word' id='word_1_197' title='bbox 490 2943 531 2990; x_wconf 87' lang='lat' dir='ltr'><strong>ex</strong></span> <span class='ocrx_word' id='word_1_198' title='bbox 559 2925 760 3008; x_wconf 87' lang='lat' dir='ltr'><strong>popularium</strong></span> <span class='ocrx_word' id='word_1_199' title='bbox 790 2925 999 2992; x_wconf 87' lang='lat' dir='ltr'><strong>dialectorum</strong></span> <span class='ocrx_word' id='word_1_200' title='bbox 1028 2926 1230 3010; x_wconf 72' lang='lat' dir='ltr'><strong>cognitione,</strong></span> <span class='ocrx_word' id='word_1_201' title='bbox 1267 2927 1387 2993; x_wconf 89' lang='lat' dir='ltr'><strong>deinde</strong></span> 
     </span>
     <span class='ocr_line' id='line_1_27' title="bbox 257 3015 1388 3107; baseline 0.002 -21"><span class='ocrx_word' id='word_1_202' title='bbox 257 3022 342 3086; x_wconf 89' lang='lat' dir='ltr'><strong>hanc</strong></span> <span class='ocrx_word' id='word_1_203' title='bbox 363 3021 466 3103; x_wconf 85' lang='lat' dir='ltr'><strong>ipsam</strong></span> <span class='ocrx_word' id='word_1_204' title='bbox 489 3040 608 3104; x_wconf 81' lang='lat' dir='ltr'><strong>angere</strong></span> <span class='ocrx_word' id='word_1_205' title='bbox 630 3023 724 3088; x_wconf 91' lang='lat' dir='ltr'><strong>nobis</strong></span> <span class='ocrx_word' id='word_1_206' title='bbox 746 3022 882 3088; x_wconf 82' lang='lat' dir='ltr'><strong>tortasse</strong></span> <span class='ocrx_word' id='word_1_207' title='bbox 903 3023 1027 3106; x_wconf 88' lang='lat' dir='ltr'><strong>licebit,</strong></span> <span class='ocrx_word' id='word_1_208' title='bbox 1059 3044 1129 3088; x_wconf 89' lang='lat' dir='ltr'><strong>oum</strong></span> <span class='ocrx_word' id='word_1_209' title='bbox 1146 3015 1297 3090; x_wconf 82' lang='lat' dir='ltr'><strong>¹inuentis</strong></span> <span class='ocrx_word' id='word_1_210' title='bbox 1319 3025 1388 3107; x_wconf 89' lang='lat' dir='ltr'><strong>qui·</strong></span> 
     </span>
     <span class='ocr_line' id='line_1_28' title="bbox 257 3117 1388 3204; baseline 0.003 -21"><span class='ocrx_word' id='word_1_211' title='bbox 257 3117 393 3184; x_wconf 90' lang='lat' dir='ltr'><strong>busdam</strong></span> <span class='ocrx_word' id='word_1_212' title='bbox 408 3118 535 3201; x_wconf 86' lang='lat' dir='ltr'><strong>legibus</strong></span> <span class='ocrx_word' id='word_1_213' title='bbox 549 3118 706 3185; x_wconf 91' lang='lat' dir='ltr'><strong>miscendi</strong></span> <span class='ocrx_word' id='word_1_214' title='bbox 721 3126 917 3204; x_wconf 87' lang='lat' dir='ltr'><strong>temperatas</strong></span> <span class='ocrx_word' id='word_1_215' title='bbox 935 3119 1009 3186; x_wconf 90' lang='lat' dir='ltr'><strong>illas</strong></span> <span class='ocrx_word' id='word_1_216' title='bbox 1025 3121 1183 3187; x_wconf 89' lang='lat' dir='ltr'><strong>dialectos</strong></span> <span class='ocrx_word' id='word_1_217' title='bbox 1197 3142 1265 3186; x_wconf 92' lang='lat' dir='ltr'><strong>non</strong></span> <span class='ocrx_word' id='word_1_218' title='bbox 1282 3124 1388 3187; x_wconf 89' lang='lat' dir='ltr'><strong>minus</strong></span> 
     </span>
     <span class='ocr_line' id='line_1_29' title="bbox 256 3212 1386 3302; baseline 0.002 -22"><span class='ocrx_word' id='word_1_219' title='bbox 256 3212 454 3280; x_wconf 88' lang='lat' dir='ltr'><strong>confidenter</strong></span> <span class='ocrx_word' id='word_1_220' title='bbox 482 3213 638 3282; x_wconf 88' lang='lat' dir='ltr'><strong>adhibere</strong></span> <span class='ocrx_word' id='word_1_221' title='bbox 666 3217 841 3301; x_wconf 89' lang='lat' dir='ltr'><strong>possimus,</strong></span> <span class='ocrx_word' id='word_1_222' title='bbox 877 3235 974 3299; x_wconf 87' lang='lat' dir='ltr'><strong>qnam</strong></span> <span class='ocrx_word' id='word_1_223' title='bbox 1002 3237 1098 3302; x_wconf 89' lang='lat' dir='ltr'><strong>puros</strong></span> <span class='ocrx_word' id='word_1_224' title='bbox 1128 3237 1241 3284; x_wconf 83' lang='lat' dir='ltr'><strong>aarum</strong></span> <span class='ocrx_word' id='word_1_225' title='bbox 1269 3220 1386 3285; x_wconf 82' lang='lat' dir='ltr'><strong>fontes.</strong></span> 
     </span>
     <span class='ocr_line' id='line_1_30' title="bbox 256 3311 1387 3400; baseline 0.004 -22"><span class='ocrx_word' id='word_1_226' title='bbox 256 3311 326 3392; x_wconf 79' lang='lat' dir='ltr'><strong>Quo</strong></span> <span class='ocrx_word' id='word_1_227' title='bbox 348 3312 433 3378; x_wconf 87' lang='lat' dir='ltr'><strong>facto</strong></span> <span class='ocrx_word' id='word_1_228' title='bbox 455 3311 653 3394; x_wconf 89' lang='lat' dir='ltr'><strong>videbimus,</strong></span> <span class='ocrx_word' id='word_1_229' title='bbox 677 3313 753 3396; x_wconf 91' lang='lat' dir='ltr'><strong>quid</strong></span> <span class='ocrx_word' id='word_1_230' title='bbox 775 3334 794 3380; x_wconf 91' lang='grc' dir='ltr'>θ</span> <span class='ocrx_word' id='word_1_231' title='bbox 816 3312 963 3380; x_wconf 85' lang='lat' dir='ltr'><strong>dialectis</strong></span> <span class='ocrx_word' id='word_1_232' title='bbox 985 3313 1027 3380; x_wconf 87' lang='lat' dir='ltr'><strong>de</strong></span> <span class='ocrx_word' id='word_1_233' title='bbox 1048 3315 1156 3400; x_wconf 88' lang='lat' dir='ltr'><strong>poesis</strong></span> <span class='ocrx_word' id='word_1_234' title='bbox 1178 3317 1317 3382; x_wconf 90' lang='lat' dir='ltr'><strong>melicae</strong></span> <span class='ocrx_word' id='word_1_235' title='bbox 1341 3317 1387 3382; x_wconf 91' lang='lat' dir='ltr'><strong>bi·</strong></span> 
     </span>
     <span class='ocr_line' id='line_1_31' title="bbox 245 3408 1388 3497; baseline 0.003 -21"><span class='ocrx_word' id='word_1_236' title='bbox 245 3410 356 3476; x_wconf 89' lang='lat' dir='ltr'><strong>·storia</strong></span> <span class='ocrx_word' id='word_1_237' title='bbox 378 3408 458 3475; x_wconf 83' lang='lat' dir='ltr'><strong>effici</strong></span> <span class='ocrx_word' id='word_1_238' title='bbox 482 3410 592 3494; x_wconf 89' lang='lat' dir='ltr'><strong>possit,</strong></span> <span class='ocrx_word' id='word_1_239' title='bbox 616 3412 706 3495; x_wconf 86' lang='lat' dir='ltr'><strong>cujus</strong></span> <span class='ocrx_word' id='word_1_240' title='bbox 722 3412 863 3497; x_wconf 85' lang='lat' dir='ltr'><strong>origines</strong></span> <span class='ocrx_word' id='word_1_241' title='bbox 884 3431 1014 3493; x_wconf 88' lang='lat' dir='ltr'><strong>prorsus</strong></span> <span class='ocrx_word' id='word_1_242' title='bbox 1028 3413 1063 3478; x_wconf 92' lang='lat' dir='ltr'><strong>in</strong></span> <span class='ocrx_word' id='word_1_243' title='bbox 1084 3413 1228 3479; x_wconf 89' lang='lat' dir='ltr'><strong>tenebris</strong></span> <span class='ocrx_word' id='word_1_244' title='bbox 1243 3421 1327 3479; x_wconf 91' lang='lat' dir='ltr'><strong>sunt.</strong></span> <span class='ocrx_word' id='word_1_245' title='bbox 1344 3449 1388 3462; x_wconf 91' lang='lat'>-</span> 
     </span>
     <span class='ocr_line' id='line_1_32' title="bbox 254 3507 1386 3595; baseline 0.004 -23"><span class='ocrx_word' id='word_1_246' title='bbox 254 3507 384 3573; x_wconf 91' lang='lat' dir='ltr'><strong>Initium</strong></span> <span class='ocrx_word' id='word_1_247' title='bbox 406 3514 513 3573; x_wconf 89' lang='lat' dir='ltr'><strong>autem</strong></span> <span class='ocrx_word' id='word_1_248' title='bbox 535 3507 744 3593; x_wconf 90' lang='lat' dir='ltr'><strong>capiendum,</strong></span> <span class='ocrx_word' id='word_1_249' title='bbox 767 3515 801 3574; x_wconf 92' lang='lat' dir='ltr'><strong>ut</strong></span> <span class='ocrx_word' id='word_1_250' title='bbox 824 3516 970 3593; x_wconf 83' lang='lat' dir='ltr'><strong>pareat,</strong></span> <span class='ocrx_word' id='word_1_251' title='bbox 994 3509 1035 3574; x_wconf 91' lang='lat' dir='ltr'><strong>ab</strong></span> <span class='ocrx_word' id='word_1_252' title='bbox 1058 3510 1301 3594; x_wconf 90' lang='lat' dir='ltr'><strong>antiquissimo,</strong></span> <span class='ocrx_word' id='word_1_253' title='bbox 1330 3511 1386 3595; x_wconf 89' lang='lat' dir='ltr'><strong>qui</strong></span> 
     </span>
     <span class='ocr_line' id='line_1_33' title="bbox 255 3597 1385 3692; baseline 0.004 -22"><span class='ocrx_word' id='word_1_254' title='bbox 255 3625 341 3670; x_wconf 88' lang='lat' dir='ltr'><strong>nunc</strong></span> <span class='ocrx_word' id='word_1_255' title='bbox 363 3605 500 3670; x_wconf 80' lang='lat' dir='ltr'><strong>Alcman</strong></span> <span class='ocrx_word' id='word_1_256' title='bbox 523 3623 595 3672; x_wconf 88' lang='lat' dir='ltr'><strong>esse</strong></span> <span class='ocrx_word' id='word_1_257' title='bbox 617 3605 753 3686; x_wconf 89' lang='lat' dir='ltr'><strong>videtur,</strong></span> <span class='ocrx_word' id='word_1_258' title='bbox 780 3606 871 3689; x_wconf 88' lang='lat' dir='ltr'><strong>cnjus</strong></span> <span class='ocrx_word' id='word_1_259' title='bbox 893 3606 987 3689; x_wconf 89' lang='lat' dir='ltr'><strong>primi</strong></span> <span class='ocrx_word' id='word_1_260' title='bbox 1009 3608 1104 3690; x_wconf 87' lang='lat' dir='ltr'><strong>plura</strong></span> <span class='ocrx_word' id='word_1_261' title='bbox 1125 3597 1310 3692; x_wconf 82' lang='lat' dir='ltr'><strong>fragmenta</strong></span> <span class='ocrx_word' id='word_1_262' title='bbox 1331 3629 1385 3674; x_wconf 86' lang='lat' dir='ltr'><strong>ex-</strong></span> 
     </span>
     <span class='ocr_line' id='line_1_34' title="bbox 255 3702 1387 3787; baseline 0.005 -20"><span class='ocrx_word' id='word_1_263' title='bbox 255 3708 335 3784; x_wconf 90' lang='lat' dir='ltr'><strong>tant,</strong></span> <span class='ocrx_word' id='word_1_264' title='bbox 358 3721 453 3785; x_wconf 91' lang='lat' dir='ltr'><strong>quem</strong></span> <span class='ocrx_word' id='word_1_265' title='bbox 475 3703 578 3786; x_wconf 89' lang='lat' dir='ltr'><strong>primo</strong></span> <span class='ocrx_word' id='word_1_266' title='bbox 600 3705 671 3770; x_wconf 91' lang='lat' dir='ltr'><strong>looo</strong></span> <span class='ocrx_word' id='word_1_267' title='bbox 692 3702 893 3787; x_wconf 84' lang='lat' dir='ltr'><strong>grammatici</strong></span> <span class='ocrx_word' id='word_1_268' title='bbox 904 3704 1122 3770; x_wconf 85' lang='lat' dir='ltr'><strong>Alexandrini</strong></span> <span class='ocrx_word' id='word_1_269' title='bbox 1137 3706 1181 3770; x_wconf 91' lang='lat' dir='ltr'><strong>in·</strong></span> <span class='ocrx_word' id='word_1_270' title='bbox 1194 3705 1303 3774; x_wconf 86' lang='lat' dir='ltr'><strong>indice</strong></span> <span class='ocrx_word' id='word_1_271' title='bbox 1320 3725 1387 3773; x_wconf 78' lang='lat' dir='ltr'><strong>me</strong></span> 
     </span>
     <span class='ocr_line' id='line_1_35' title="bbox 255 3798 1384 3898; baseline 0.004 -35"><span class='ocrx_word' id='word_1_272' title='bbox 255 3798 387 3864; x_wconf 87' lang='lat' dir='ltr'><strong>licorum</strong></span> <span class='ocrx_word' id='word_1_273' title='bbox 416 3805 601 3882; x_wconf 90' lang='lat' dir='ltr'><strong>posuerunt.</strong></span> <span class='ocrx_word' id='word_1_274' title='bbox 646 3801 711 3898; x_wconf 39' lang='lat' dir='ltr'><strong>Des</strong></span> <span class='ocrx_word' id='word_1_275' title='bbox 725 3801 821 3883; x_wconf 88' lang='lat' dir='ltr'><strong>hujns</strong></span> <span class='ocrx_word' id='word_1_276' title='bbox 849 3807 967 3885; x_wconf 87' lang='lat' dir='ltr'><strong>poetae</strong></span> <span class='ocrx_word' id='word_1_277' title='bbox 994 3801 1133 3868; x_wconf 89' lang='lat' dir='ltr'><strong>dialecto</strong></span> <span class='ocrx_word' id='word_1_278' title='bbox 1160 3803 1384 3884; x_wconf 84' lang='lat' dir='ltr'><strong>quaestionem</strong></span> 
     </span>
     <span class='ocr_line' id='line_1_36' title="bbox 255 3894 1146 3980; baseline 0.008 -23"><span class='ocrx_word' id='word_1_279' title='bbox 255 3894 392 3961; x_wconf 90' lang='lat' dir='ltr'><strong>instituit</strong></span> <span class='ocrx_word' id='word_1_280' title='bbox 415 3896 608 3975; x_wconf 67' lang='lat' dir='ltr'><strong>Benselerb,</strong></span> <span class='ocrx_word' id='word_1_281' title='bbox 631 3897 689 3964; x_wconf 86' lang='lat' dir='ltr'><strong>sed</strong></span> <span class='ocrx_word' id='word_1_282' title='bbox 711 3917 779 3962; x_wconf 86' lang='lat' dir='ltr'><strong>rem</strong></span> <span class='ocrx_word' id='word_1_283' title='bbox 801 3897 985 3965; x_wconf 88' lang='lat' dir='ltr'><strong>inchoatam</strong></span> <span class='ocrx_word' id='word_1_284' title='bbox 1006 3899 1146 3980; x_wconf 88' lang='lat' dir='ltr'><strong>reliquit.</strong></span> 
     </span>
    </p>
   </div>
   <div class='ocr_carea' id='block_1_7' title="bbox 256 3996 458 4007">
    <p class='ocr_par' dir='ltr' id='par_1_8' title="bbox 256 3996 458 4007">
     <span class='ocr_line' id='line_1_37' title="bbox 256 3996 458 4007; baseline 0.01 -2"><span class='ocrx_word' id='word_1_285' title='bbox 256 3996 458 4007; x_wconf 75' lang='lat'>——.--.—</span> 
     </span>
    </p>
   </div>
   <div class='ocr_carea' id='block_1_8' title="bbox 325 4015 968 4110">
    <p class='ocr_par' dir='ltr' id='par_1_9' title="bbox 325 4015 968 4110">
     <span class='ocr_line' id='line_1_38' title="bbox 325 4015 968 4110; baseline 0.006 -28"><span class='ocrx_word' id='word_1_286' title='bbox 325 4027 346 4090; x_wconf 76' lang='lat'><strong>⁴)</strong></span> <span class='ocrx_word' id='word_1_287' title='bbox 364 4025 539 4095; x_wconf 76' lang='lat' dir='ltr'><strong>Quaestionos</strong></span> <span class='ocrx_word' id='word_1_288' title='bbox 556 4015 739 4086; x_wconf 87' lang='lat' dir='ltr'><strong>Alcmanioae.</strong></span> <span class='ocrx_word' id='word_1_289' title='bbox 758 4031 875 4110; x_wconf 51' lang='lat' dir='ltr'><strong>¹Isenaci</strong></span> <span class='ocrx_word' id='word_1_290' title='bbox 895 4034 968 4086; x_wconf 77' lang='lat' dir='ltr'><strong>lert.</strong></span> 
     </span>
    </p>
   </div>
   <div class='ocr_carea' id='block_1_9' title="bbox 0 0 1488 4866">
    <p class='ocr_par' dir='ltr' id='par_1_10' title="bbox 0 0 1488 4866">
     <span class='ocr_line' id='line_1_39' title="bbox 0 0 1488 4866; baseline 0 0"><span class='ocrx_word' id='word_1_291' title='bbox 0 0 1488 4866; x_wconf 95' lang='lat' dir='ltr'><strong> </strong></span> 
     </span>
    </p>
   </div>
  </div>
 </body>
</html>
