2916 4872
220 375 261 443 72
715 379 849 438 Baunaclr

170 536 176 545 ’
219 553 328 620 milem
350 555 383 619 in
405 552 534 619 modum
558 548 663 630 εὐθύς
684 559 717 621 et
745 549 841 631 εὐθύ,
870 549 950 628 ἰθύς
979 559 1012 617 et
1042 548 1112 629 ἰθά,
1142 547 1284 638 ἀτρέμας
1303 559 1330 619 el
1451 525 1452 547 Ξ

221 645 360 735 ἀτρέμα,
383 639 487 728 αὖθις
503 658 534 718 ot
549 637 643 730 αὖθι,
667 646 763 734 ἄχρις
779 657 811 749 et
826 646 912 734 άχρι,
934 646 1052 734 μέχρις
1074 657 1106 716 et
1127 648 1235 732 μέχρι,
1256 651 1330 716 πολ-

219 746 317 826 λάκις
339 754 372 815 et
385 746 539 827 πολλάκι,
562 747 651 832 apud
665 748 839 815 Homerum
862 742 994 826 ὁσσάκι,
1016 745 1170 827 τοσσάκι,
1192 745 1330 834 μεσσηγύ

219 866 278 931 pro
302 842 459 926 ὁσσάκις,
482 844 661 926 τσσσάκις,
683 843 854 933 μεσσηγύς
881 845 1093 929 reperiuntur.
1137 846 1225 937 Inter
1247 844 1332 910 diale·

221 951 288 1012 ctos
310 943 486 1011 nonnullae
507 943 550 1010 ad
571 944 666 1010 istam
689 943 833 1028 sigmatis
857 942 1086 1010 detractionem
1107 943 1278 1010 inclinant:
1303 941 1332 1006 in

221 1043 382 1127 Naupacti
409 1042 626 1127 inscriptionis
647 1062 694 1108 vs.
719 1045 738 1107 9
768 1039 843 1106 ὅσω
872 1062 930 1126 pro
959 1037 1069 1124 ὅπως,
1098 1061 1145 1106 vs.
1169 1043 1222 1110 21,
1240 1026 1265 1102 ὦ
1286 1039 1332 1103 aba

220 1139 313 1206 lativi
346 1139 448 1205 forma
477 1140 635 1226 leguntur.
680 1141 732 1204 Ex
765 1140 901 1224 cypriois
931 1158 1056 1222 quoque
1084 1138 1333 1222 inscriptionibus

221 1237 300 1302 milri
322 1237 542 1318 exemplorum
564 1244 599 1303 ut
621 1233 664 1302 κά
686 1258 744 1322 pro
766 1235 828 1314 κάς
850 1238 871 1303 i.
894 1256 922 1303 e.
944 1240 1012 1315 και,
1035 1232 1081 1301 πά
1104 1257 1161 1320 pro
1185 1233 1251 1312 πός
1272 1236 1291 1300 i.
1310 1254 1334 1300 e.

222 1339 313 1414 ποσί,
335 1340 377 1399 τᾶ
399 1353 457 1417 pro
479 1340 539 1410 τᾶς
568 1334 671 1412 (stud.
694 1335 756 1401 VII
778 1356 810 1419 p.
833 1337 907 1412 236)
934 1333 969 1398 in
988 1341 1131 1401 mentem
1152 1334 1251 1400 venit.
1292 1333 1335 1398 Ex

222 1432 269 1498 eis
290 1431 383 1498 vides
404 1431 489 1498 hunc
510 1452 630 1501 morem
653 1453 674 1499 a
694 1452 830 1516 graecae
856 1433 988 1515 linguae
1009 1432 1135 1515 legibus
1155 1451 1222 1496 non
1243 1431 1337 1497 solum

165 1610 168 1614 ⁸
221 1548 288 1596 non
309 1529 513 1596 abhorruisse
539 1517 596 1596 sed
624 1531 658 1596 in
681 1551 721 1597 ea
742 1531 820 1598 satis
842 1530 992 1596 usitatum
1014 1529 1122 1596 fuisse.
1167 1527 1259 1607 Quae
1280 1529 1338 1610 qui·
1449 1529 1451 1590 Ὗ

223 1626 296 1693 dem
319 1628 469 1712 exempla
498 1627 634 1696 fortasse
655 1627 814 1696 sufficient
842 1627 886 1694 ad
914 1625 997 1710 ἐμοῦ
1019 1627 1141 1695 formae
1163 1626 1339 1709 explicatio

222 1744 296 1791 nem
318 1725 408 1790 illam
430 1725 640 1808 probandam.
1449 1771 1450 1782 ι

307 1823 495 1906 Priusquam
530 1823 620 1890 huio‘
633 1822 842 1908 disputationi
872 1820 966 1890 finem
996 1821 1129 1902 faciam,
1164 1821 1207 1888 de
1239 1822 1340 1906 glossa
1448 1907 1449 1912 ἵ

222 1920 430 2006 Hesychiana
462 1940 638 2007 exponam,
679 1941 762 2004 quae
794 1920 900 1986 adhue
931 1919 1158 2002 interpretibus
1191 1918 1341 1986 maximas

223 2017 351 2102 paravit
380 2016 594 2086 difficultates.
638 2020 718 2086 Dico
741 2015 891 2094 άσσέως·
920 2014 980 2084 ἐπὶ
1006 2021 1077 2094 σοῦ,
1092 2021 1141 2080 'ut
1169 2017 1271 2083 codex
1294 2035 1341 2082 ex-

223 2115 322 2180 hibet.
352 2116 434 2180 Eam
450 2116 639 2199 scripturam
650 2115 832 2182 Meinekius
847 2116 881 2180 in
896 2112 1018 2181 άσσέσ·
1034 2111 1093 2182 ἐπὶ
1110 2115 1181 2193 σοῦ,
1198 2115 1342 2182 Albertus
1448 2119 1449 2123 ’

223 2212 257 2278 in
280 2204 321 2288 ἇς
344 2208 403 2277 σέο
427 2209 486 2277 ἐπὶ
508 2212 573 2289 (rel
597 2211 674 2291 ἕως)
696 2218 767 2290 σοῦ,
799 2213 965 2280 Sohowius
987 2215 1021 2279 in
1043 2208 1165 2278 άσσεσ·
1192 2210 1268 2292 ἕως,
1290 2210 1342 2278 ἐπὶ

225 2315 297 2387 σοῦ,
326 2306 522 2376 Schmidtius
549 2310 583 2374 in
613 2300 669 2388 άς·
691 2308 763 2388 ἕως
785 2309 903 2395 μέχρις
926 2303 964 2376 οὗ
987 2309 1146 2393 corrigere
1167 2311 1341 2376 voluerunt.

224 2405 290 2474 seo
313 2412 348 2472 ut
369 2406 411 2473 ab
432 2405 716 2491 interpretamento
739 2407 864 2474 initium
890 2408 1060 2490 laniamus,
1090 2406 1174 2472 illud
1196 2403 1258 2473 ἐπὶ
1280 2412 1343 2484 σοῦ,

225 2503 302 2588 quid
323 2503 412 2588 apud
433 2502 627 2590 Hesychium
651 2505 707 2587 sit,
737 2524 777 2571 ox
799 2505 909 2588 glossa
930 2503 1016 2571 κατὰ
1039 2503 1177 2570 σαυτὸν·
1207 2502 1269 2570 ἐπὶ
1291 2504 1344 2570 noi

224 2603 322 2686 plane
344 2609 495 2686 apparet,
526 2603 614 2668 unde
636 2599 769 2681 άσσέως
798 2608 874 2682 ,tuo
896 2623 1000 2686 more,
1030 2602 1114 2669 nach
1138 2600 1251 2668 deiner
1272 2603 1345 2668 Art“

224 2699 499 2784 interpretandum
530 2720 601 2768 esse
631 2701 744 2768 elucet.
788 2700 879 2779 Quae
908 2701 1036 2784 quidem
1061 2697 1252 2783 significatio
1282 2719 1345 2768 cun

225 2797 441 2882 pronominali
456 2798 599 2864 ablativo
614 2797 761 2865 adverbii
783 2797 853 2864 loco
869 2803 1022 2882 usurpato
1044 2797 1207 2881 conspirat
1222 2798 1345 2882 optimc.

225 2893 383 2978 Comparo
405 2895 502 2978 igitur
524 2891 659 2972 άσσέως
682 2915 753 2962 oum
770 2893 952 2974 singulog
975 2901 1019 2980 (p.
1035 2898 1088 2972 71)
1105 2900 1137 2962 et
1153 2894 1194 2962 de
1209 2919 1241 2974 α,
1266 2893 1346 2979 quod

207 2991 439 3076 'protheticum
460 2997 549 3075 puto,
573 2989 704 3074 ἒ-μιως.
748 2994 896 3077 Namque
918 2995 946 3062 si
967 2998 1044 3061 ante
1067 2993 1170 3076 sigma
1191 2993 1247 3058 vel
1270 3013 1347 3060 com·

224 3089 335 3173 plures
367 3108 525 3156 consonas
553 3108 574 3154 a
604 3111 625 3156 σ
656 3090 765 3158 littera
796 3091 987 3176 insipientes
1019 3089 1141 3156 vocalis
1171 3091 1347 3174 'prothetioa

124 3197 127 3204 '
225 3187 441 3268 anteponitur,
471 3205 510 3252 ea
538 3206 643 3271 paene
672 3207 800 3272 semper
826 3188 948 3254 vocalis
970 3211 992 3252 a
1015 3195 1079 3272 est;
1108 3188 1217 3254 confer
1245 3187 1346 3255 ά-σσσ

225 3287 295 3367 (pro
311 3276 443 3367 *ri-ajo,
467 3282 553 3353 Ourt.
569 3285 693 3369 Etyma
708 3307 739 3370 p.
757 3289 840 3368 712),
864 3283 980 3372 ά-σφι,
995 3281 1114 3372 ά-σῳε,
1137 3281 1273 3372 ά-στήρ.
1302 3286 1348 3352 lta

227 3377 388 3459 ά-σσέως.
429 3381 579 3466 Dupliois
608 3383 752 3465 sigmatis
780 3384 938 3469 scriptura
965 3383 1348 3466 acutioremxpronuntia-

226 3481 346 3548 tionem
363 3478 496 3547 denotat
516 3480 584 3560 (cir.
598 3481 785 3565 imperfecta
798 3479 918 3547 ἰἐσσαν
934 3488 967 3548 et
982 3479 1158 3560 ἐπίεσσαν,
1182 3479 1348 3566 dequibus

226 3578 467 3660 infringetur),
492 3580 545 3662 qui
567 3599 643 3646 usus
665 3579 762 3646 etiam
784 3579 818 3646 iu
840 3579 1100 3664 inscriptionibus
1121 3577 1284 3645 interdum
1305 3597 1347 3645 re·

228 3676 358 3758 peritur.
402 3673 532 3753 (Confer
553 3677 655 3760 argiv.
678 3673 865 3761 ἑρμάσσισς
888 3673 1162 3762 άποστεγάσσισς
1192 3673 1346 3757 ἱμασσιαι
1451 3709 1453 3750 2

227 3793 285 3857 pro
308 3770 470 3854 αἱμασιάν
491 3774 577 3842 infra
598 3774 790 3852 tractanda.)
