2986 4864
230 441 291 502 350
744 435 835 506 Spiess

229 613 413 696 conjectura
428 609 601 692 vindicato,
624 609 674 673 eui
697 609 864 692 supposuit
878 609 980 675 editor
1003 610 1196 676 severiorem
1211 608 1357 675 formam.

229 707 351 786 αὐτοὺς
373 727 449 774 vero
471 707 508 772 ir.
531 711 589 774 loo
612 727 677 772 non
700 707 865 773 Alcmanis
887 707 945 773 sed
968 707 1127 796 Athenaei
1150 725 1223 774 esse
1246 707 1359 774 merito

229 807 409 892 suspicatur
431 805 551 888 Bergk.
574 839 615 850 -
637 803 802 888 Participii
825 823 929 887 praes.
946 812 978 870 et
991 824 1058 870 aor.
1074 823 1137 870 sec.
1154 812 1216 870 aot.
1240 805 1358 872 formas

229 904 400 972 femininae
424 910 520 987 poeta
541 923 607 967 non
622 902 792 979 Laconica,
815 902 874 967 sed
897 909 1080 968 constanter
1095 902 1232 970 thelica
1254 903 1360 982 termi-

230 1003 362 1070 natione
381 1021 480 1065 -οισα
501 999 666 1066 instruxit:
691 1004 922 1085 φεροίσαις
945 1019 1019 1082 pap.
1040 1004 1070 1064 2.
1094 1003 1145 1081 27,
1171 1003 1359 1084 φέροισα

229 1101 265 1167 ir.
286 1103 335 1181 18,
358 1096 508 1177 ’ἔχοισα
530 1097 567 1163 ir.
584 1095 718 1162 34‘cum
741 1099 832 1162 veria
852 1097 990 1165 lectione
1010 1095 1149 1178 ἐ’χουσα,
1179 1099 1360 1163 λιποῖσα

229 1199 266 1264 ir.
290 1201 341 1278 23,
366 1190 797 1280 σαλασσομέδοισ’,ίτ.
821 1198 871 1260 84.
906 1193 1197 1280 ἕπιστέφοισα
1221 1204 1290 1262 tres
1312 1215 1362 1260 co·

230 1295 318 1360 dices
340 1292 530 1363 confirmant
545 1292 581 1358 ir.
598 1296 649 1357 74.
680 1291 920 1358 Contractorum
943 1293 1112 1358 verborum
1136 1291 1323 1376 exemplum
1341 1313 1361 1359 a

231 1399 328 1477 poeta
342 1391 385 1456 ad
401 1389 544 1456 Aeolidis
566 1391 795 1474 proprietatem
810 1390 979 1455 formatum
995 1399 1045 1456 est
1062 1388 1209 1455 ἕνθαῑσα
1234 1391 1277 1456 de
1299 1410 1361 1472 quo
1418 1440 1424 1452 .

229 1512 261 1574 p.
285 1492 347 1554 346
371 1489 503 1570 egimus.
529 1523 572 1535 —
597 1488 661 1554 Sed
683 1487 833 1571 repudiat
855 1487 1019 1573 Aeolicam
1041 1488 1146 1569 legem
1165 1488 1305 1554 Alcman
1327 1489 1361 1552 in

230 1607 309 1653 voce
331 1591 430 1668 μῶσα
455 1587 492 1651 ir.
520 1592 552 1669 ¹3
582 1589 619 1668 73
643 1591 700 1667 453
725 1589 782 1667 593
814 1587 870 1668 85,
901 1605 984 1668 quae
1007 1586 1119 1651 eodem
1143 1585 1242 1652 modo
1264 1594 1362 1668 atque

230 1686 307 1751 illae
322 1691 392 1751 orta
408 1692 456 1749 est
478 1689 507 1760 (e
522 1681 694 1766 *pdvrjnb
735 1682 882 1764 Vulgaris
904 1683 1005 1748 forma
1027 1684 1078 1750 bis
1101 1691 1206 1749 extat:
1229 1689 1361 1764 μοῦσαν

229 1784 266 1862 fr.
290 1787 349 1865 373
376 1786 428 1863 97,
456 1781 538 1847 illud
560 1779 802 1860 Schneidewin,
832 1781 893 1846 hoc
914 1781 1066 1846 Weloker
1093 1781 1135 1846 ad
1164 1781 1362 1846 Laconicam

230 1881 404 1947 dialectum
427 1879 565 1959 reduxit,
589 1898 668 1961 quos
690 1883 818 1944 secutus
840 1885 888 1944 est
906 1879 1024 1961 Bergk.
1047 1879 1221 1944 —Semel
1245 1878 1363 1960 legitur
1489 1883 1490 1908 ¹

229 1979 358 2045 illorum
387 1976 626 2061 participiorum
650 1975 714 2040 dat.
737 1976 821 2058 plur.
843 1995 951 2058 masc,
982 1995 1063 2058 quae
1091 1975 1193 2040 forma
1215 1976 1363 2057 vulgaris

231 2084 294 2142 est:
316 2079 502 2156 καμοῦσι
524 2093 598 2156 pap.
626 2079 652 2137 1.
677 2076 706 2138 2.
751 2073 825 2137 Alio
847 2075 917 2138 loco
940 2072 1128 2139 afferendae
1150 2080 1226 2138 sunt
1248 2073 1364 2138 verho-

230 2193 300 2240 rum
330 2172 444 2238 tertiae
472 2189 630 2254 personae
660 2170 742 2252 plur.
770 2178 831 2236 act.
861 2171 896 2235 in
923 2193 1019 2235 -ouor
1046 2190 1104 2254 pro
1127 2171 1247 2236 Dorico
1270 2195 1364 2236 -οιτι

231 2278 395 2336 exeuntes.

134 2373 135 2376 ’
316 2390 342 2430 ω
366 2385 407 2450 ers
429 2387 468 2430 oo
492 2364 645 2430 contracti
674 2363 755 2428 haec
783 2365 884 2430 habes
913 2367 1073 2449 exempla.
1118 2367 1155 2430 In
1178 2384 1254 2447 gen.
1278 2365 1362 2449 sing.

230 2483 293 2531 sec.
317 2464 399 2529 decl.
422 2460 603 2532 terminatio
635 2484 661 2523 ω
691 2461 723 2525 in
752 2461 844 2527 libris
871 2462 997 2545 integra
1024 2470 1159 2546 apparet
1188 2464 1223 2528 iu
1256 2465 1361 2530 bisce:

230 2559 356 2646 πώρω
386 2581 461 2645 pap.
489 2565 514 2626 l.
543 2563 595 2640 10,
623 2555 779 2628 Ξάνθω
802 2579 885 2643 pap.
910 2563 939 2625 3.
962 2563 1019 2640 32,
1050 2558 1241 2645 εὐπύργω
1269 2560 1307 2625 fr.
1329 2567 1361 2644 4,

231 2656 437 2744 ἑλιχρύσω
462 2706 494 2723 ..
517 2653 685 2742 κήράτω
709 2660 897 2737 κυπαίρω
926 2656 964 2722 fr.
991 2660 1045 2740 18,
1073 2663 1127 2721 ud
1152 2663 1363 2742 κυπαιρί-

232 2780 314 2824 σκω
337 2757 375 2822 fr.
399 2759 450 2822 38.
494 2755 742 2835 Nonnumquam
765 2753 868 2820 lorma
889 2753 1078 2820 insolentior
1105 2754 1139 2818 in
1169 2755 1317 2821 dativum
1340 2777 1363 2820 a

230 2855 370 2921 librariis
392 2859 515 2918 mutata
535 2857 599 2918 est:
629 2847 942 2934 ὑπερπταμένω
966 2852 1105 2917 Diodori
1125 2872 1144 2918 e
1164 2853 1261 2918 codd.
1286 2855 1363 2920 BP

231 2951 391 3018 Athenaei
412 2947 659 3034 inconceptus)
681 2949 922 3033 praebentibus,
945 2969 1015 3015 cum
1038 2950 1093 3014 alii
1116 2950 1286 3032 vulgarem
1308 2971 1363 3034 ge·

230 3048 331 3115 netivi
359 3048 495 3113 offerant
521 3048 558 3111 fr.
581 3049 631 3112 28.
676 3045 828 3116 Welcker
856 3047 892 3112 ir.
916 3051 956 3112 35
979 3048 1116 3129 conjecit
1144 3054 1193 3112 aui
1216 3047 1360 3132 σιδάρω,

231 3164 302 3210 cum
330 3143 441 3226 Bergk
474 3143 643 3208 lectionem
677 3142 822 3209 codicum
853 3149 901 3228 τῷ
929 3142 1058 3230 σιδάρῳ
1091 3152 1229 3211 tueatur.
1276 3147 1360 3215 Item

231 3241 332 3308 lusit
361 3238 470 3322 Bergk
492 3259 564 3304 oum
586 3238 749 3328 codicibus
777 3240 857 3325 λίνῳ
879 3264 915 3306 σε
940 3239 1099 3327 caeduo),
1129 3243 1360 3310 Schneidewin

230 3339 310 3404 diua
340 3361 376 3403 τε
407 3333 560 3419 σασάμω.
610 3338 649 3402 In
679 3362 701 3401 α
729 3337 808 3402 abiit
835 3338 916 3403 illud
946 3361 972 3402 αι
1000 3360 1114 3423 parum
1141 3340 1361 3407 intellectum:

231 3432 314 3502 ἀλλὰ
336 3435 374 3500 fr.
398 3439 439 3500 42
469 3435 601 3502 Bekker
623 3431 724 3500 dito.
754 3470 791 3480 -
823 3440 854 3500 Γ
852 3433 964 3500 λαύκω
993 3446 1025 3502 et
1053 3443 1101 3500 τῶ
1123 3436 1293 3503 Καακάλω
1316 3440 1360 3504 le·

230 3541 347 3618 guntur
374 3533 407 3598 in
436 3532 624 3615 fragmentis
653 3534 673 3597 8
702 3539 735 3597 et
756 3536 793 3596 21
820 3534 1014 3600 Alcmanicis
1042 3553 1060 3599 e
1087 3534 1258 3600 verisimili
1287 3555 1361 3601 con·

226 3632 353 3715 jectura
373 3629 512 3696 insertis.
535 3665 576 3676 -
598 3631 732 3696 Prorsus
754 3637 919 3713 corruptus
947 3637 995 3696 est
1016 3650 1144 3713 versus,
1173 3631 1209 3697 in
1230 3653 1295 3716 quo
1316 3633 1361 3700 le·

230 3730 334 3812 gimus
348 3734 408 3794 τοῦ
422 3723 620 3808 Ἱππολόχου
636 3728 672 3793 fr.
688 3732 741 3796 88.
764 3763 806 3776 -
828 3729 1067 3794 Bemininerum
1082 3727 1116 3792 iu
1130 3751 1176 3790 -ω
1198 3725 1362 3812 genitivos

230 3827 264 3891 in
286 3851 351 3904 -ως
366 3832 522 3892 exeuntes
537 3825 778 3893 Choerobosous
795 3827 828 3891 in
851 3826 943 3891 horto
959 3824 1117 3891 Adonidis
1140 3828 1237 3893 2681)
1260 3829 1360 3894 Laco·

231 3922 325 3988 nibus
341 3923 618 4020 vindicat.„N0va
638 3923 810 3990 collatione
832 3925 947 4009 papyri
970 3923 1094 3992 invenit
1116 3923 1200 3990 hanc
1223 3924 1358 3992 formam

232 4019 325 4084 Blass
347 4025 390 4102 (p.
403 4023 431 4084 2.
449 4023 482 4096 6)
503 4018 626 4086 ΑΓΙΔ.
640 4019 679 4102 C,
703 4041 772 4088 cum
796 4022 922 4088 Ahrene
944 4021 1075 4088 chartae
1097 4023 1249 4105 exemplo
1272 4043 1359 4105 usus,
