2986 4864
467 419 509 475 De
526 419 663 476 Alcmanls
681 424 778 490 poetae
796 421 919 477 dialecto.
1190 419 1252 484 359

123 593 223 662 tradit
254 592 362 676 Apoll.
394 590 435 658 de
464 612 555 674 pron.
579 593 688 660 3666
717 589 736 680 ἡ
768 599 812 660 σέ
842 589 968 678 ὁμοίως
998 598 1087 682 πρὸς
1115 596 1253 664 πάντων

125 688 239 777 κοινὴ·
264 693 412 773 Δωριεῖς
435 686 492 754 διὰ
513 695 573 755 τοῦ
594 709 630 754 τ·
653 689 741 776 πρὸς
764 691 801 758 dl
824 694 867 759 ad
890 696 1097 780 τῶνφίλων·
1120 697 1177 761 καὶ
1200 694 1252 762 ἔτι

122 787 209 872 μετὰ
231 792 324 852 aede
346 785 427 864 (eod.
449 791 495 862 el·
518 789 584 854 vel
604 786 667 872 γὰρ
688 785 906 874 Ἀλέξανδρος
930 789 1095 874 deiparat·
1120 794 1175 858 καὶ
1200 791 1251 858 ἔτι

125 891 266 963 rotamur
289 885 334 950 σὲ
351 882 413 969 γὰρ
429 879 563 966 ἅζομαι.
592 886 660 952 Η55
675 906 787 954 omnes
802 907 843 954 ex
857 889 1025 970 Alemone,
1047 891 1097 957 eui
1113 890 1250 974 primum

124 986 299 1052 allatorum
311 982 561 1066 fragmentorum
573 984 725 1069 attribuit,
739 986 945 1070 Apollonium
961 987 1106 1056 hausisse
1119 993 1152 1055 et
1162 987 1251 1056 illius

122 1079 390 1148 consuetudinem
404 1081 560 1148 misoendi
575 1081 618 1147 ad
641 1102 751 1150 omnes
766 1084 939 1150 Dorienses
954 1086 1156 1153 transtulisse
1169 1083 1252 1150 veri-

123 1178 325 1246 simillimum
347 1185 406 1246 est.
442 1177 479 1243 lr.
503 1182 553 1242 52.
578 1183 629 1246 53.
652 1186 703 1245 54.
725 1216 768 1228 -
796 1181 937 1265 Vulgare
960 1203 981 1248 σ
1004 1182 1196 1265 oonspioitur
1216 1181 1251 1246 in

125 1276 252 1344 duobus
280 1275 381 1358 epiois
409 1276 588 1341 venabulis:
625 1276 835 1365 βροτήσια
856 1279 894 1343 lr.
918 1283 974 1362 42,
1009 1275 1250 1364 ἀμβροσίαν

123 1395 200 1459 pap.
218 1379 247 1439 2.
265 1376 316 1438 28.
362 1373 479 1438 Forma
500 1373 721 1460 μσθήσιος
743 1375 781 1441 lr.
798 1379 837 1442 63
862 1377 1050 1444 adversetur
1072 1375 1252 1442 Laeanitae

123 1472 265 1538 dialecto
288 1489 399 1551 neone,
424 1469 601 1553 dijudioare
623 1492 688 1537 non
710 1472 823 1539 ausim.

339 1711 359 1789 ξ
385 1712 434 1774 13.
479 1709 536 1773 De
558 1679 728 1790 liquidis
751 1716 790 1774 et
812 1709 1037 1775 natalibus.

209 1856 399 1922 Alemanem
415 1856 560 1922 nasalem
576 1880 593 1920 ν
610 1876 667 1939 pro
689 1855 813 1937 liquida
827 1855 846 1919 1
859 1857 1007 1940 posuisse
1022 1855 1121 1922 tradit
1135 1857 1250 1924 Eusta-

120 1952 209 2018 thius
232 1953 275 2018 56
300 1953 336 2018 ll.
360 1956 431 2017 756
455 1956 495 2018 30
518 1951 695 2019 ἀντιθέσει
717 1960 776 2017 τοῦ
792 1979 809 2018 ν
825 1945 1250 2040 εἰςλ,ῳᾶνσιστσιχοῦσι

121 2048 308 2134 Δωριεῖς’
294 2074 330 2115 εν
352 2055 400 2134 τῷ
424 2050 585 2135 φίλτατος
608 2054 779 2135 φί,ντστσς
803 2048 897 2116 itero
920 2047 995 2115 ἕντο
1012 2053 1067 2116 καὶ
1084 2055 1302 2170 Δωρικῶς

119 2151 229 2232 γέντο,
254 2148 369 2213 κέλετο
394 2151 518 2212 κέντο
542 2143 636 2229 παρὰ
655 2143 825 2228 Ἀλκμᾶνι.

209 2245 402 2312 deminutae
423 2242 565 2326 liquidae
588 2249 620 2310 et
642 2247 786 2328 rurales,
810 2264 892 2328 quae
914 2265 934 2310 a
956 2244 1115 2311 eommuni
1139 2245 1250 2330 lingua

119 2342 358 2422 5115555555),
385 2341 472 2426 apud
494 2341 681 2408 Alemanem
704 2344 895 2426 eompluries
917 2342 1081 2425 leguntur:
1119 2343 1250 2408 aalide

120 2439 313 2507 adverbium
337 2457 355 2504 5
378 2436 479 2522 natja
500 2446 610 2504 natum
631 2440 777 2505 nonnulli
796 2440 921 2506 eodioee
943 2438 992 2516 (Ο.
1009 2441 1057 2516 Ρ.)
1080 2449 1251 2508 servarunt

122 2539 174 2603 Et
198 2538 239 2602 Μ.
264 2540 338 2602 486.
361 2539 401 2602 39
429 2533 467 2600 τὸ
491 2533 576 2600 καλά
598 2534 692 2616 παρὰ
712 2532 874 2618 Ἀλκμᾶνι
902 2533 1005 2600 καλά
1036 2540 1107 2614 (ser.
1132 2536 1250 2616 κσλλά)

119 2632 216 2703 doura
239 2635 276 2701 fr.
299 2637 349 2699 98.
390 2634 539 2698 Doricam
562 2651 633 2698 esse
658 2633 907 2715 geminationem
929 2652 995 2697 non
1016 2632 1182 2698 Aeolieam
1204 2640 1249 2700 te-

119 2738 225 2798 statur
248 2731 440 2814 Apollonius
462 2729 503 2796 de
524 2728 598 2795 adv.
621 2733 693 2794 565.
720 2733 767 2795 13.
805 2730 928 2808 (καλῶς
949 2764 971 2791 ο
989 2773 1010 2782 -
1032 2735 1122 2796 extat-
1143 2729 1180 2794 lr.
1197 2733 1248 2810 24,
1307 2777 1318 2784 -

119 2830 198 2896 item
229 2826 331 2894 καλὸν
361 2828 398 2894 fr.
422 2831 462 2892 65
496 2827 625 2894 brevem
653 2828 798 2894 voealem
827 2826 948 2892 hahere
976 2825 1112 2907 videtur,
1146 2824 1248 2891 καλὸν

119 2925 157 2991 ir.
183 2929 234 2991 96.
268 2960 311 2971 -
345 2926 417 2992 Non
446 2925 551 2990 minus
582 2925 698 2990 Dorioa
726 2932 775 2990 556
802 2923 977 3006 geminatio
1008 2921 1151 3005 liquidae
1174 2948 1192 3008 ρ
1215 2923 1249 2989 15

119 3043 200 3090 voce
234 3021 396 3108 κάῤῥισν
430 3023 467 3086 lr.
491 3025 531 3088 89
559 3049 603 3076 =
631 3025 797 3102 κρείσσων
831 3041 849 3086 5
877 3015 1049 3105 *κάρτ]’ων
1087 3017 1249 3105 *κάρσων

118 3130 201 3188 orta.
240 3121 343 3202 Magis
365 3119 496 3185 dubium
520 3124 568 3185 est
589 3120 780 3184 venabulum
802 3116 937 3205 κάῤῥαν,
961 3118 995 3182 15
1014 3137 1109 3184 versu
1129 3118 1178 3195 (fr.
1195 3122 1249 3191 44)

118 3219 163 3286 ad
193 3216 433 3301 expediendum
462 3209 665 3294 diffieillimo‚
703 3216 788 3298 quod
816 3237 873 3300 pro
903 3212 1008 3300 κόροι]
1042 3213 1143 3302 κόῤῥη
1178 3234 1250 3282 5555

119 3318 250 3384 Ahrens
278 3321 379 3399 putat.
424 3313 627 3380 Geminatam
650 3314 794 3384 nasalem
817 3312 958 3378 555515
984 3331 1109 3394 papyro
1132 3312 1250 3393 reperi-

119 3434 207 3480 mus:
247 3410 418 3478 aderadi.
451 3415 503 3493 16,
533 3428 617 3492 quae
639 3408 748 3475 'forma
775 3407 818 3473 ad
845 3403 1034 3472 *κλονεσνά
1063 3403 1249 3472 *κλενεννά

119 3507 262 3578 auresve
284 3514 408 3585 (venem
423 3507 637 3583 Pindarieam)
653 3512 702 3570 est
715 3503 908 3570 redueenda.
941 3501 1050 3567 Habet
1065 3521 1105 3567 ea
1119 3503 1250 3568 Lesbia·

117 3629 191 3676 eam
214 3605 378 3690 quandam
402 3605 556 3688 speeiem,
582 3604 616 3667 15
639 3622 702 3684 qua
724 3601 861 3666 dialeoto
885 3598 1127 3666 consonantium
1149 3597 1250 3681 gemi·
1302 3671 1304 3676 ,

119 3707 210 3773 natio
238 3704 336 3769 latius
365 3702 497 3785 patebat
526 3707 557 3766 56
585 3700 705 3766 similes
733 3698 855 3765 formae
876 3695 1111 3779 adjeotivorum
1133 3713 1250 3778 suppe-

119 3802 228 3874 ditant
249 3801 301 3880 (el.
316 3800 394 3865 Ahr.
412 3799 443 3863 d.
459 3797 490 3863 d.
507 3799 597 3863 Aeol.
614 3799 678 3878 51),
701 3796 821 3862 eumin
844 3813 943 3878 purae
956 3791 1086 3859 Doridis
1108 3791 1249 3858 lontibus

120 3899 274 3982 exempla
303 3916 412 3962 eorum
439 3895 568 3960 omnino
597 3913 663 3958 non
691 3899 810 3958 extent.
855 3890 1096 3957 Choeroboseus
1119 3887 1249 3971 quidem
1271 3917 1274 3922 ·

120 3997 154 4062 in
177 3994 292 4063 aneod.
316 3993 420 4060 Oxou.
435 3993 467 4058 ΙΙ
483 3995 555 4056 210.
574 3994 611 4054 19
635 3986 821 4072 inassueta,
844 3983 1016 4062 ποθεννός
1040 3985 1250 4052 Doriensibus
1323 4072 1329 4082 .
