2978 4872
257 441 298 504 62
755 448 887 502 Beuneck

256 619 447 703 praeteritis,
470 619 516 685 uti
537 621 673 685 Romani
696 618 787 694 -mur,
812 621 992 704 utebantur,
1016 622 1061 688 ita
1083 628 1118 687 ut
1138 643 1224 689 nuno
1247 625 1378 690 Dorien-

255 713 336 779 sium
367 717 497 800 propria
528 717 626 784 tuisse
658 716 815 784 videatur.
869 719 992 786 Iones
1024 725 1130 786 autem
1164 728 1197 786 et
1229 722 1378 788 Aeoles

254 811 388 878 alteram
411 839 500 897 -μεν,
529 815 665 881 fortasse
694 835 734 881 ex
760 817 951 883 secundaria
977 815 1079 900 i-ps,
1109 838 1228 884 sansor.
1251 840 1334 892 -ma,
1362 844 1377 884 ν

255 910 472 997 epheloystico
487 913 612 979 adiecto
629 918 729 979 ortam
747 914 813 991 (cfr.
831 911 1013 998 δό-ντω-ν),
1036 937 1095 999 pro
1113 915 1266 1000 primaria
1281 918 1376 984 etiam

253 1009 286 1073 in
315 1010 494 1092 praesentis
515 1010 682 1076 indicativi
708 1013 948 1079 terminationes
970 1032 1073 1096 aeque
1094 1034 1133 1080 ac
1155 1014 1377 1081 secundariam

254 1105 359 1173 dualis
388 1131 463 1172 -τον
492 1116 681 1192 receperunt
708 1129 810 1192 eaque
838 1116 968 1193 recepta
994 1135 1073 1193 -μες
1106 1113 1203 1196 plane
1230 1113 1378 1210 repudia·

252 1211 376 1270 verunt.
1331 1207 1341 1219 “

281 1338 284 1343 Δ
338 1303 490 1368 Extremo
505 1304 575 1370 loco
591 1304 863 1370 commemorarim
882 1303 978 1370 etiam
994 1305 1174 1389 linguam
1189 1306 1375 1392 latinam,

253 1400 302 1464 oui
326 1420 436 1467 omnes
458 1400 564 1468 dualis
592 1401 834 1468 terminationes
857 1402 970 1470 deesse
991 1402 1151 1485 videntur,
1180 1410 1289 1472 amen
1319 1407 1376 1471 ior·

252 1505 339 1564 tasse
366 1519 464 1566 unam
486 1499 713 1566 asservavisse.
759 1498 855 1566 Cuius
883 1500 1014 1583 linguae
1042 1501 1260 1567 secundam
1290 1504 1376 1586 plu·

252 1596 352 1662 ralis
381 1596 421 1660 in
450 1598 524 1658 -tis
553 1602 767 1670 exeuntem
798 1597 905 1662 nihil
934 1598 1048 1664 aliud
1076 1599 1157 1665 nisi
1184 1599 1376 1683 indagar-

252 1695 449 1761 manicam
480 1693 614 1760 dualis
650 1686 981 1762 terminationem
1014 1706 1098 1760 -tas
1126 1717 1217 1764 esse
1251 1718 1374 1764 summa

250 1812 321 1857 oum
343 1792 571 1876 probabilitate
593 1792 768 1859 coniecisse
790 1792 869 1857 mihi
887 1792 1008 1859 videor.
1046 1795 1194 1878 Namque
1215 1796 1245 1861 si
1266 1815 1376 1862 secun-

251 1890 313 1957 dae
340 1909 498 1974 personae
529 1890 664 1973 pluralis
694 1890 951 1956 terminationem
982 1892 1093 1975 lingua
1117 1892 1275 1958 sanscrita
1297 1892 1372 1964 -tbo,

249 1985 384 2053 zendica
412 1987 482 2050 -tbo
504 1994 536 2053 et
564 1996 626 2061 -ta‚
659 2007 776 2070 graeca
805 2011 875 2066 -τε,
904 1988 1027 2054 slavica
1048 1999 1110 2064 -tc,
1142 1989 1298 2056 lituanica
1319 1999 1372 2068 -te,

200 2135 205 2145 .
248 2085 355 2167 getica
382 2084 446 2158 -tb,
477 2083 647 2166 exhibent,
677 2085 865 2168 principalis
895 2084 989 2152 huius
1012 2086 1245 2153 terminationis
1274 2087 1372 2152 forma

248 2181 395 2266 putanda
424 2180 502 2245 mihi
530 2180 657 2246 videtur
684 2192 746 2254 -ια,
781 2183 898 2264 quique
926 2183 1061 2249 latinam
1092 2185 1148 2246 -tia
1176 2185 1196 2249 i.
1227 2203 1255 2250 e.
1285 2183 1375 2246 *-tuc

249 2280 389 2345 omnium
419 2279 554 2344 aliarum
583 2278 763 2361 linguarum
792 2281 1071 2346 terminationibus
1093 2281 1301 2348 vetustiorem
1324 2302 1373 2348 ea·

248 2396 381 2460 rumque
403 2375 494 2458 quasi
517 2375 761 2442 fundamentum
776 2397 846 2444 esse
868 2386 1010 2462 censent,
1033 2377 1229 2462 persuadere
1244 2380 1279 2444 id
1296 2379 1370 2444 mihi

247 2495 312 2540 non
335 2478 477 2558 possunt.
514 2473 662 2555 Accedit,
687 2475 771 2556 quod
794 2495 835 2540 ne
858 2476 961 2542 latina
984 2476 1112 2558 quidem
1134 2475 1254 2561 lingua,
1278 2497 1369 2561 quam

246 2572 280 2636 in
303 2571 445 2638 secunda
468 2571 602 2654 pluralis
624 2591 763 2655 persona
785 2572 1011 2640 terminatione
1027 2574 1132 2640 dualis
1155 2576 1282 2640 numeri
1303 2594 1370 2658 pro·

245 2670 317 2753 pria
332 2670 379 2734 uti
393 2669 541 2751 equidem
558 2675 644 2752 puto,
668 2670 810 2752 genuina
824 2670 882 2735 illa
896 2690 934 2736 ac
949 2671 1149 2754 primigenia,
1168 2691 1232 2754 qua
1246 2678 1369 2738 ceterae

246 2767 378 2850 linguae
407 2774 546 2848 utuntur,
583 2767 718 2850 pluralis
746 2768 972 2834 terminatione
1001 2769 1097 2852 plane
1127 2776 1175 2836 est
1204 2769 1369 2836 destituta:

246 2885 322 2930 nam
345 2884 415 2931 cum
439 2865 633 2930 Graecorum
657 2861 752 2930 ἒσ-τέ
781 2864 847 2943 (cir.
871 2885 930 2931 scr.
955 2865 1095 2945 [ab-rba]
1124 2873 1156 2932 et
1178 2865 1273 2932 ἕσ-τε
1306 2866 1366 2947 (cfr.

246 2980 305 3026 sor.
323 2963 440 3039 [ob-ta)
455 2961 589 3026 eaedem
605 2961 669 3027 sint
690 2961 820 3043 formae,
844 2964 1059 3030 Romanorum
1081 2964 1292 3047 imperativus
1311 2974 1369 3027 crte

245 3057 326 3122 iliud
353 3067 402 3120 -to
430 3058 583 3124 exhibere
612 3059 773 3142 putandus
803 3067 867 3141 est,
900 3079 1001 3144 eoque
1029 3061 1154 3128 facilius
1183 3063 1274 3124 er-tto
1302 3080 1367 3128 cum

245 3175 365 3221 sanscr.
383 3155 525 3232 [ob-ttae
547 3155 630 3233 (thas
644 3177 701 3240 pro
719 3166 767 3218 tar
781 3163 816 3220 ut
830 3157 864 3221 in
879 3177 942 3223 sec.
963 3159 1006 3240 pl.
1024 3157 1077 3220 cbo
1093 3179 1150 3242 pro
1166 3161 1220 3238 ta),
1244 3158 1366 3221 ama-tis

245 3273 316 3318 cum
339 3271 458 3318 sanscr.
482 3251 667 3316 atavo-tta
689 3255 868 3337 comparari
890 3261 1033 3338 possunt.
1071 3256 1115 3322 Ut
1136 3256 1233 3338 igitur
1255 3276 1297 3322 ex
1315 3252 1364 3336 αρ’·

244 3353 349 3424 a-oas,
380 3346 538 3434 ἅγ-ω-γις
567 3350 613 3416 ita
641 3370 681 3416 ex
708 3345 871 3434 rap-atbar
899 3353 954 3417 lat.
978 3353 1101 3436 op-i-tt's
1130 3354 1196 3429 (cir.
1220 3353 1363 3438 boba-par

244 3454 276 3514 et
297 3445 493 3524 πολλά-κις)
517 3449 633 3513 iactum
651 3467 721 3514 esse
744 3455 829 3532 puto,
854 3450 979 3516 etiamsi
1001 3451 1096 3516 certis
1119 3452 1315 3534 argumentis
1334 3449 1363 3515 id

244 3545 457 3612 demonstrari
480 3565 544 3611 non
567 3566 662 3629 posse
684 3545 835 3612 concedo.
