2968 4866
220 416 282 478 278
715 415 848 472 S'obrader

219 592 303 659 tituli
325 616 345 657 τ
365 597 441 658 ante
458 615 470 656 ι
486 588 725 674 religiosissime
741 594 933 655 oonservant
955 587 994 652 oi.
1011 591 1160 672 κρίνοντι
1183 587 1343 670 (tymetia),

221 687 407 768 διακάτιοι,
436 686 522 755 uude
552 694 687 771 apparet
708 688 843 769 Aeoles,
873 692 1046 769 antequam
1068 687 1102 752 irr
1125 686 1280 754 dialectos
1302 688 1346 753 di·

220 786 439 870 gredereutur,
462 787 524 852 hae
545 786 579 850 in
601 804 636 852 re
658 784 869 851 Dorieusibus
891 805 986 868 pares
1008 784 1117 851 luisse.

305 883 506 967 Quamquam
527 903 570 949 ue
592 903 663 949 oum
678 877 810 949 'Lesbiis
837 882 967 965 quidem
989 883 1067 949 solis
1092 903 1156 949 uno
1179 889 1212 950 et
1235 884 1346 959 eodem

219 989 364 1067 tempora
392 982 536 1049 Aroades
568 982 600 1046 iu
630 981 721 1046 illam
754 981 964 1047 mutationem
998 979 1149 1065 delapsos
1182 1001 1255 1048 esse
1283 983 1346 1048 reri

207 1080 325 1158 xsimile
347 1081 426 1146 mibi
441 1079 578 1146 videtur.
615 1077 649 1144 Si
672 1078 758 1144 enim
780 1078 950 1162 probabile
972 1084 1021 1145 est
1035 1080 1171 1146 Lesbios
1186 1079 1347 1163 quondam

221 1185 252 1246 et
275 1178 412 1244 Boeotos
434 1196 531 1243 uuam
553 1181 683 1260 gentem
706 1175 820 1257 fuisse,
850 1177 962 1260 negari
984 1197 1050 1242 nou
1072 1183 1194 1260 potest,
1222 1197 1295 1243 oum
1317 1177 1347 1243 bi

219 1283 362 1342 veterem
389 1275 528 1341 litteram
550 1297 570 1338 τ
599 1280 805 1356 conservent,
835 1275 909 1340 illos
936 1275 970 1339 in
992 1275 1071 1358 ipsis
1093 1275 1192 1342 Asiae
1215 1276 1348 1342 oolouiis

219 1375 333 1440 Ionum
355 1374 491 1438 fortasse
513 1371 679 1437 vioiuitate
704 1379 879 1439 oommotos
900 1392 921 1437 a
943 1373 1117 1440 vetustiore
1139 1378 1227 1439 statu
1251 1373 1348 1440 desei-

222 1471 308 1538 visse
319 1477 417 1553 atque
430 1470 477 1535 ita
488 1474 679 1535 oouoeutum
693 1469 783 1534 illum
797 1469 956 1535 Amadum
972 1471 1034 1537 hae
1047 1471 1082 1534 in
1093 1489 1129 1536 re
1140 1489 1212 1536 oum
1224 1471 1348 1538 Lesbiis

224 1588 300 1635 ooeu
316 1588 387 1635 esse
401 1569 531 1633 iactum.
564 1564 709 1645 Quadrat
719 1587 799 1634 ¹varo
815 1567 857 1633 ad
874 1587 945 1633 eam
964 1588 1041 1646 rem,
1065 1567 1151 1650 quod
1165 1570 1348 1636 vetustioris

221 1673 322 1733 status
344 1664 500 1749 reliquiae
521 1664 556 1729 in
576 1665 650 1748 ipsa
664 1665 808 1732 lesbiaoa
823 1667 962 1732 dialeoto
977 1667 1188 1757 reperiuntur.
1222 1666 1263 1731 oi.
1279 1672 1348 1732 llo-

219 1763 317 1829 τίδαν
345 1762 562 1830 Ahr.1123.
607 1762 680 1828 Nou
708 1783 784 1829 vero
818 1762 941 1830 ἕπετον
970 1783 1029 1846 pro
1059 1761 1185 1830 ἔπεσον
1216 1765 1286 1848 Alo.
1309 1770 1347 1832 dd

220 1861 357 1946 Bergk.³
400 1859 532 1926 Cramer
563 1879 616 1926 an.
646 1859 706 1926 Ox.
737 1862 752 1926 I
785 1867 853 1943 144,
878 1866 897 1926 6
926 1867 986 1927 τοῦ
1014 1867 1107 1928 σέτω
1139 1855 1158 1925 ὃ
1188 1857 1347 1944 ἀόριστος

222 1955 369 2044 ὤφειλεν
398 1952 487 2023 εἶναι
517 1955 655 2023 ἕπετον·
683 1953 842 2035 Ἀλκαῖος
872 1963 1031 2047 κέχρηται
1061 1959 1123 2025 bue
1144 1959 1347 2026 referendum
1392 1969 1395 1976 ’

221 2061 286 2135 est,
314 2058 388 2120 bum
420 2053 545 2120 ἔπεσον
576 2054 647 2121 sine
676 2054 773 2120 dubio
801 2076 842 2122 ex
871 2055 1078 2123 *ἐπα-σον
1107 2064 1211 2124 ortum
1241 2059 1284 2124 sit
1310 2058 1346 2124 oi.

222 2153 260 2218 G.
285 2151 413 2219 (iurtius
434 2152 523 2218 verb.
544 2153 666 2218 11284.

307 2253 337 2313 2.
366 2268 430 2314 aro.
454 2242 523 2313 ἆτύ
546 2255 609 2333 teg.
626 2253 656 2314 3.
697 2245 777 2316 ἄλλο
800 2257 863 2334 teg.
880 2257 932 2318 40.
970 2249 1052 2317 κατύ
1075 2257 1140 2335 teg.
1157 2256 1208 2317 29.
1247 2253 1287 2318 oi.
1309 2253 1347 2319 de

223 2346 349 2414 Lesbiis
365 2345 440 2410 Abr.
457 2345 525 2410 181
549 2353 582 2412 et
597 2346 705 2413 Hirzel
727 2369 782 2415 zur
805 2349 956 2416 Beurteil.
975 2354 1023 2414 12.
1060 2349 1149 2434 Opus
1171 2358 1279 2417 autem
1302 2357 1348 2418 est

220 2445 254 2510 in
277 2463 312 2512 re
333 2443 443 2528 magni
465 2442 618 2528 ponderis
639 2445 748 2528 paullo
770 2448 867 2513 altius
882 2455 1044 2532 repeter03
1067 2448 1232 2531 quaeritur
1254 2451 1346 2530 enim,

220 2543 355 2609 mutatio
382 2541 440 2608 illa
473 2546 611 2619 otolzo
645 2549 749 2609 utrum
781 2545 846 2610 iam
879 2565 917 2612 eo
945 2552 1105 2629 tempore,
1139 2566 1202 2630 quo
1233 2548 1346 2614 Aeoles

221 2640 365 2706 noudum
386 2641 420 2704 in
444 2638 599 2707 dialeotos
620 2640 757 2724 digressi
779 2647 888 2723 erant,
914 2642 1067 2725 valuerit,
1091 2661 1134 2708 an
1156 2643 1190 2710 in
1214 2646 1345 2730 singulis

221 2738 369 2805 dialectis
383 2737 586 2804 inorebuerit.
610 2739 670 2804 Hie
680 2738 977 2829 vero-dialectorum
992 2742 1054 2807 beo
1068 2741 1102 2806 in
1117 2761 1152 2807 re
1168 2749 1271 2810 status
1287 2749 1345 2810 est:

331 2840 358 2899 1.
394 2855 458 2902 aro.
481 2833 551 2902 eet
589 2871 626 2882 -
650 2837 730 2903 lesb.
754 2833 823 2902 ἀττύ
846 2873 888 2884 -
910 2858 997 2922 oypr.
1021 2834 1101 2904 ἀπύ.

396 2951 459 2998 are.
483 2929 563 2999 dito
587 2969 629 2981 -
650 2934 727 3001 lesb.
753 2934 863 3018 δεῦρο.

330 3174 360 3235 2.
398 3191 462 3236 aro.
485 3171 567 3238 κατύ
590 3209 633 3218 -
655 3175 734 3240 lesb.
757 3175 851 3240 κατά.

396 3289 460 3335 aro.
486 3273 660 3354 Θρασέαν
691 3293 778 3356 oypr.
803 3271 1057 3358 Όνασαγόρα-α.
1081 3311 1122 3320 -
1151 3274 1231 3340 lesb.
1256 3271 1342 3357 εὐερ-

484 3372 599 3452 ydra-o
626 3375 793 3452 (gramm).

395 3484 458 3530 are.
489 3465 549 3530 -‘?
571 3485 659 3550 cypr.
682 3473 812 3551 γένοιτο
836 3505 876 3514 -
898 3469 978 3535 lesb.
1003 3461 1131 3550 ἐὔξατο

234 3729 238 3738 ’
329 3715 359 3776 3.
397 3712 477 3778 lesb.
500 3707 620 3792 ὅμοιος
643 3747 684 3758 -
705 3731 768 3778 aro.
792 3707 1026 3796 ὁμοθυμαδόν.
1062 3734 1150 3799 eypr.
1174 3709 1271 3797 ὁμοῦ.

396 3808 477 3875 lesb.
499 3807 669 3890 τούταμος,
701 3807 825 3891 στόμα,
855 3809 937 3896 σύρξ
957 3846 1000 3858 -
1021 3832 1086 3878 aro.
1108 3803 1260 3896 ’πόλεμος
1287 3818 1338 3879 ste.

398 3905 478 3976 lesb.
494 3903 746 3973 deverteram.
782 3927 846 3974 are.
865 3905 1019 3986 ἀτταδόας
1033 3945 1076 3956 -
1090 3930 1179 3994 oypr.
1195 3907 1337 3984 ἐσέδνκσ,

492 4003 632 4069 δυτάνω.
669 4004 710 4072 es.
731 4025 762 4088 p.
779 4008 841 4072 265
864 4006 907 4072 ad
925 4012 952 4073 1.
