2968 4866
461 453 503 508 De
521 451 658 508 Alcmanis
676 458 773 521 poetae
791 452 913 508 dialecto.
1190 450 1250 512 349

121 625 377 707 innotuisse,
408 623 586 707 colligimus
609 644 648 690 ex
670 625 835 708 Apollonii
858 624 980 707 verbis,
1007 625 1060 707 qui
1082 624 1251 692 frustulum

122 725 347 792 Alcmanicum
369 723 632 808 protestlmonio
654 723 748 788 affert
769 722 811 789 de
832 741 922 806 pron.
946 725 1007 788 335
1027 723 1070 788 B:
1106 719 1251 799 Αἰολεῖς

124 829 227 910 τῆνος
332 824 481 904 Δωριεῖς
502 825 618 906 τῆνος,
649 823 803 897 σπανίως
833 817 890 884 διὰ
912 826 972 886 τοῦ
994 839 1031 885 κ·
1059 820 1117 886 καὶ
1140 830 1252 898 κεῖνος

124 919 160 987 ἓν
184 918 327 985 σάλεσσι
345 917 490 995 πολλοῖς
518 914 642 1004 ἥμενος
661 914 817 1000 Ἀλκμάν.
862 919 1007 1003 Apparet
1028 924 1157 1004 κῆνσς
1179 920 1253 985 scri·

119 1017 267 1094 ,bandum
290 1035 378 1098 esse,
401 1035 594 1098 quamquam
617 1015 713 1082 etiam
736 1016 823 1099 apud
846 1015 1115 1100 Hephaestionem
1141 1021 1171 1098 3,
1198 1017 1252 1083 uhi

124 1115 210 1180 idem
226 1115 440 1197 fragmentum
458 1113 611 1179 traditum
627 1121 684 1196 est,
700 1114 827 1180 codices
843 1113 1078 1200 diphthongum
1095 1115 1253 1199 praebent

123 1213 161 1279 ir.
181 1216 230 1278 13.
261 1212 312 1277 Ad
329 1211 474 1294 ejusdem
490 1211 654 1294 Apollonii
676 1213 897 1284 auctoritatem
916 1211 1021 1279 redire
1043 1212 1252 1304 videturrul·

124 1312 212 1394 garis
233 1310 338 1394 forma
359 1307 527 1386 ἐκεῖνος
549 1308 591 1375 de
612 1330 704 1394 pron.
727 1311 832 1374 334A
857 1311 913 1375 nal
941 1306 1081 1394 Ἀλκμὰν
1110 1309 1251 1398 πρώτῳ·

61 1452 64 1460 -
124 1407 258 1492 μάκαρς
273 1405 403 1483 ἐκεῖνος
419 1411 525 1493 φησίν
541 1406 577 1471 lr.
598 1412 645 1471 14.
668 1441 710 1454 -
734 1405 881 1489 εἱμένα
896 1408 934 1473 ir.
952 1409 992 1474 96
1015 1406 1252 1491 (trerooprva)

124 1505 298 1571 imitationi
319 1504 450 1570 Homeri
473 1504 616 1570 debetur.
645 1539 687 1551 —
717 1499 815 1570 εἶπον
840 1504 998 1572 diversam
1027 1506 1183 1572 rationem
1206 1527 1254 1574 se·

124 1604 178 1686 qui
193 1603 330 1684 videtur,
353 1621 428 1668 nam
451 1608 636 1668 constanter
653 1603 735 1668 haec
749 1623 813 1667 vox
827 1603 1000 1686 genuinam
1019 1602 1253 1688 diphthongum
1287 1669 1292 1672 .

125 1701 240 1783 hahet,
274 1700 359 1782 quod
391 1719 449 1783 per
477 1699 567 1782 leges
590 1700 719 1785 linguae
742 1699 884 1765 nondum
908 1699 1101 1784 explicatum
1130 1709 1179 1768 cst
1202 1701 1270 1779 (ol.-

126 1799 230 1865 Gaucr
251 1797 539 1876 81σ1.11Ι11157).
584 1797 657 1862 Non
679 1797 875 1862 aLaoonica
897 1797 1034 1864 dialecto
1057 1797 1166 1864 aliena
1187 1799 1252 1865 sint

124 1895 303 1978 ε’ἰντοιμι
325 1915 400 1980 pap.
425 1898 453 1960 3.
480 1898 529 1977 17,
554 1894 837 1960 circumlati.

401 2136 421 2214 ξ
445 2135 473 2198 8.
518 2134 575 2198 De
597 2132 814 2198 vocalibus
837 2155 855 2196 ο
879 2156 906 2197 ω
929 2156 979 2197 ον.

214 2287 323 2367 Aeque
352 2291 448 2369 atque
471 2309 490 2371 η
514 2305 571 2368 pro
601 2309 632 2351 ει
660 2293 796 2370 apparet
823 2286 856 2352 in
885 2284 1046 2352 severiore
1074 2283 1195 2350 Doride
1223 2290 1256 2349 et

125 2382 311 2450 Aeolidem
334 2403 392 2466 pro
414 2382 596 2449 adulterina
619 2382 819 2466 diphthongo
844 2407 892 2448 οο.
930 2382 1254 2466 Primumquaedam

125 2500 223 2547 voces
253 2479 491 2546 enumerandae
520 2486 610 2563 sunt,
640 2480 674 2544 in
703 2480 818 2562 quihus
846 2481 991 2546 vocalem
1015 2480 1123 2564 stirpis
1145 2499 1255 2546 conso·

4 2647 5 2656 ,
125 2586 227 2644 nante
256 2578 360 2660 ejecta
389 2577 577 2661 productam
605 2578 819 2660 agnoscimus.
863 2577 1012 2642 Doricam
1036 2599 1062 2640 ω
1089 2577 1122 2641 in
1150 2577 1255 2644 fronte

126 2676 227 2741 habet
249 2668 409 2759 ὠρανὸν
426 2696 501 2760 pap.
519 2681 546 2740 l.
565 2680 621 2759 163
644 2670 861 2761 ὥρανίαῳι
882 2676 920 2740 fr.
937 2677 977 2739 59
1000 2694 1082 2740 unus
1105 2693 1146 2739 ex
1167 2673 1255 2740 illius
1343 2757 1350 2764 ·

125 2772 255 2839 frustuli
275 2772 416 2838 fontibus
439 2773 585 2854 exhibet,
614 2791 685 2838 oum
707 2772 822 2855 reliqui
846 2770 1045 2856 diphthongo
1066 2771 1255 2838 instructam

127 2871 212 2936 hanc
234 2890 346 2936 rocem
368 2871 554 2953 praebeant.
584 2905 626 2916 -
652 2870 810 2952 vulgares
832 2869 950 2935 formas
971 2869 1118 2935 invenies
1140 2871 1255 2935 hasce:

128 2968 252 3051 δουρί
266 2969 303 3034 ir.
320 2970 371 3049 68,
396 2966 436 3033 de
451 2967 542 3050 cujus
556 2968 705 3033 vocabuli
720 2967 822 3034 forma
837 2967 956 3033 Dorica
976 2974 1149 3051 quaesunt
1170 2967 1257 3034 testi-

128 3066 238 3132 monia
249 3065 381 3148 collegit
393 3064 556 3148 Brugman
568 3065 614 3131 st.
626 3064 672 3129 IV
688 3069 757 3129 117.
780 3067 860 3131 ltem
875 3062 1021 3150 γούνατα
1032 3065 1066 3130 in
1077 3063 1256 3149 fragmento

126 3162 318 3229 addubitato
337 3166 387 3243 30,
411 3182 482 3229 oum
504 3160 647 3247 γώνατα,
670 3162 755 3246 quod
777 3165 901 3230 mavult
920 3164 1039 3248 Bergk,
1063 3183 1256 3249 quamquam

127 3260 216 3343 apud
250 3259 482 3326 Callimachum
515 3261 617 3326 solum
649 3261 781 3344 legitur,
820 3261 988 3334 severioris
1021 3261 1153 3328 Doridis
1185 3281 1257 3328 esse

128 3357 244 3440 prioris
272 3359 360 3424 vocis
388 3357 540 3441 analogia
562 3358 686 3424 doceat.
717 3393 757 3403 -
787 3359 826 3423 In
849 3357 1010 3425 secundae
1033 3357 1257 3424 declinationis

128 3455 314 3520 accusativo
337 3455 471 3539 pluralis
493 3457 680 3539 plerumque
694 3454 781 3540 apud
796 3456 985 3521 Alomanem
1007 3455 1125 3538 legitur
1139 3454 1257 3520 Dorica

128 3553 247 3617 forma:
269 3551 351 3630 τώς
374 3548 556 3635 ἀρίστους
578 3573 653 3638 pap.
679 3558 707 3618 1.
733 3557 786 3637 113
812 3549 950 3632 νόμως
970 3551 1007 3616 fr.
1027 3555 1066 3617 67
1089 3552 1184 3617 lectio
1208 3558 1257 3618 est

129 3647 224 3717 unius
239 3648 368 3732 codicis,
391 3669 487 3734 quam
502 3652 598 3718 ceteri
621 3650 695 3716 libri
711 3650 870 3716 Athenaei
885 3650 919 3714 in
936 3645 1028 3731 ὅμως
1049 3648 1172 3715 habent
1191 3669 1257 3714 cor·

130 3755 267 3831 ruptam.
293 3783 335 3793 -
362 3753 579 3834 σφετέροις
601 3747 746 3826 tarrac
767 3747 802 3814 in
815 3749 994 3832 fragmento
1010 3749 1028 3810 3
1044 3747 1086 3812 ab
1102 3747 1257 3813 Alcmana

130 3845 327 3928 abjudicato.
345 3881 384 3891 -
407 3844 681 3929 κριβανωτώς
702 3847 796 3913 unius
811 3845 929 3912 codicis
943 3844 1133 3929 scripturam
1148 3844 1257 3928 Bergk

130 3943 311 4026 postposuit
345 3942 475 4009 lectioni
509 3945 702 4027 reliquorum
735 3943 887 4009 librorum
915 3939 1125 4027 κριβανωτός
1160 3947 1256 4021 (nom.

130 4040 236 4125 sing).
264 4077 308 4087 -
337 4039 455 4108 Contra
477 4039 573 4118 τούς
595 4041 751 4124 reperitur
771 4041 806 4106 in
827 4039 1005 4124 fragmento
1029 4044 1047 4108 8
1070 4041 1217 4108 Alcmani
1240 4057 1258 4104 e
