2916 4872
174 427 182 439 '
212 424 273 488 132
709 424 842 480 Baunaelr

210 601 386 685 scripturae
399 597 486 666 insit.
508 596 670 681 Bergkius
681 595 939 680 „seribendum“,
955 599 1010 680 ait,
1027 597 1167 686 „wirne
1183 617 1226 664 ex
1240 605 1332 677 „uia-

211 695 301 775 εινός
334 692 505 785 (φαεννός)
538 715 604 762 non
637 691 748 781 φανός
780 694 838 761 sed
871 695 1075 764 Doriensium
1108 716 1197 764 mere
1228 694 1333 783 φηνός

211 799 345 863 ertum“.
375 794 533 879 Equidem
549 793 679 877 plenam
695 793 786 858 illam
803 792 937 858 formam
956 791 1093 882 Φαηνάν
1107 798 1178 878 (pro
1193 792 1214 834 *
1223 799 1335 882 Φανη-

210 893 292 974 νάν),
316 913 400 977 quae
419 891 561 958 demeum
583 889 726 973 sequitur
746 909 877 972 merem,
900 892 1131 959 restituendam
1154 911 1227 960 esse
1249 898 1333 976 pute.

295 992 410 1075 Neque
431 991 538 1056 obstat
559 987 645 1072 quod
667 1013 689 1053 ν
710 987 817 1072 deest3
840 1009 980 1073 namque
1000 989 1035 1056 id
1057 991 1187 1075 saepius
1208 989 1244 1055 in
1267 989 1334 1056 Ale-

209 1089 314 1156 manis
348 1087 535 1173 fragmentis
566 1087 764 1166 omittitur.¹⁰)
809 1085 874 1153 Sed
903 1087 965 1153 hae
997 1086 1039 1155 de
1071 1109 1105 1154 re
1137 1087 1230 1154 alias.
1282 1087 1333 1153 Uti

212 1173 332 1274 Φαηδά
362 1205 404 1251 ex
432 1184 636 1251 *wareo-vu
670 1184 737 1261 (eir.
767 1184 947 1266 Brugman,
979 1185 1070 1252 stud.
1099 1186 1155 1268 IV,
1174 1187 1259 1266 95),
1291 1185 1334 1249 ita

209 1283 364 1369 Hesychii
387 1284 527 1368 glossam
543 1278 667 1368 κάηνα·
690 1280 732 1345 τὰ
748 1267 784 1346 εὖ
800 1279 964 1363 καιόμενα
979 1281 1060 1364 ξύλα
1075 1303 1116 1351 ex
1133 1281 1332 1359 *auree-vu,

210 1380 334 1469 σελήνη
359 1402 400 1448 ex
421 1379 610 1467 *σελασ-νη
640 1384 720 1445 nata
747 1398 818 1445 esse
846 1381 1036 1462 putaverim
1081 1381 1229 1448 Eandem
1252 1381 1332 1446 viam
1450 1433 1451 1450 r

209 1478 253 1544 ad
275 1497 394 1546 nomeu
414 1477 497 1546 iilud
512 1478 647 1543 alterurn
663 1475 890 1560 explicandum
905 1477 1113 1562 ingredimur.
1150 1476 1332 1565 Κληνίννννα

206 1576 296 1644 'enim
318 1596 392 1643 mea
412 1575 541 1661 quidem
557 1575 719 1640 sententia
734 1594 775 1640 ex
790 1575 992 1663 Κλην-ίνννια
1007 1575 1028 1640 i.
1044 1595 1073 1642 e.
1088 1574 1332 1663 *Κλεην-ιννννα
1450 1635 1451 1660 ἦ

210 1680 313 1740 ertum
329 1680 388 1757 est,
409 1674 498 1740 euius
511 1691 587 1757 pars
601 1672 689 1755 prior
706 1670 846 1759 κλεηνός
861 1672 971 1740 demea
985 1674 1087 1740 forma
1101 1675 1189 1741 veeis
1205 1670 1331 1748 κλεινός

210 1791 283 1840 esse
296 1771 433 1839 videtur.
465 1770 555 1838 Idem
570 1770 681 1837 statuit
704 1769 745 1837 de
759 1770 890 1836 nemine
910 1771 968 1837 ille
990 1772 1119 1856 proprio
1135 1773 1331 1856 Brugmanus

209 1872 231 1934 t.
254 1871 287 1953 l.‚
315 1869 372 1954 qui
400 1875 568 1954 praeterea
593 1867 681 1952 apud
703 1867 918 1951 HephaestI
947 1890 979 1952 p.
1002 1872 1053 1953 27,
1080 1874 1118 1934 16
1147 1889 1206 1953 pro
1229 1870 1331 1956 Κλεη-

210 1972 329 2034 σίππω
358 1968 424 2052 legi
452 1967 521 2032 vult
543 1965 762 2053 Κλεηνίππω.
807 1964 936 2034 Curtius
966 1967 1006 2035 de
1035 1987 1113 2033 voee
1136 1965 1269 2045 κλεινός
1290 1969 1331 2032 ita

211 2066 359 2149 exposuit
381 2065 517 2150 (Etym.⁴
538 2085 571 2148 p.
590 2067 678 2150 150),⁸
699 2067 733 2127 ut
757 2062 887 2141 κλεινός
908 2085 950 2131 ex
966 2063 1131 2142 κλε-ινό-ς
1147 2073 1251 2131 ertum
1267 2083 1330 2130 esse

210 2161 395 2228 contendat.
438 2162 481 2227 At
503 2181 573 2226 eum
597 2166 630 2226 et
653 2159 733 2224 iliud
762 2160 884 2248 κληνός
913 2164 1051 2230 nominis
1075 2165 1277 2252 Κλην-ίππα
1304 2170 1332 2228 et

210 2260 434 2346 Hesychianas
455 2259 574 2324 formas
596 2256 750 2324 κλεεννόν
773 2254 986 2342 (ὀνομαστόν)
1011 2269 1042 2328 et
1064 2261 1228 2328 κλεεννιῦν
1251 2254 1332 2339 (δνο-

209 2358 357 2441 narrar,
382 2353 541 2438 ἐνδόξων)
556 2355 752 2440 respicimus,
776 2376 815 2424 ee
829 2358 936 2442 potius
958 2359 1156 2442 adducimur,
1180 2364 1216 2425 ut
1231 2360 1332 2425 varias

209 2456 329 2523 termas
351 2456 436 2522 hune
457 2455 492 2520 iu
513 2452 642 2519 modum
664 2453 749 2521 inter
770 2475 805 2522 se
828 2456 1074 2540 coniungamus:

651 2587 892 2669 *tiarae-vm

364 2707 518 2786 κλεεννός
661 2706 839 2800 *κλεεινὸς
926 2709 993 2776 dor.
1016 2707 1183 2795 *κλεηνός

364 2803 504 2873 Κλεννά.
688 2805 829 2883 κλεινός.
1040 2805 1171 2893 κληνός.

211 2946 261 3010 De
294 2941 454 3008 vocalium
487 2941 681 3025 hyphaeresi
714 2943 823 3008 eonfer
852 2941 992 3026 δένδρον
1022 2949 1054 3007 et
1082 2940 1242 3027 δένδρεον
1271 2946 1333 3011 alia

98 3101 99 3104 ,
211 3039 348 3120 (Fritseh
372 3036 463 3103 Stud.
486 3037 540 3121 Vl,
562 3041 711 3122 908(1(1·)·
756 3035 885 3105 Κλεννά
906 3039 949 3104 ab
972 3040 1128 3106 Alemane
1150 3061 1191 3108 ea
1213 3043 1332 3123 Gratia,

77 3151 80 3166 ·
211 3159 309 3222 quam
339 3135 516 3203 Pausanias
542 3131 656 3221 Κλητά
680 3137 834 3220 nominat,
863 3137 1055 3221 appellatur.
1096 3139 1179 3203 Dein
1208 3148 1334 3225 praeter

211 3235 441 3322 „Kdnvtrcrrffl
476 3231 727 3320 Κλην-αγόρας,
766 3233 1012 3322 Κληνό-πολις,
1049 3233 1332 3322 Κληνό-στρατος,

212 3329 345 3420 Κληνός
366 3331 399 3397 in
423 3331 587 3398 Benseleri
608 3332 713 3398 lexieo
734 3333 919 3400 afferuntur.
956 3333 1061 3400 Simili
1082 3335 1178 3402 mode
1200 3335 1331 3402 verbum

212 3432 312 3496 κλείω
341 3449 382 3495 ex
407 3426 553 3494 *κλεείω
583 3429 705 3508 (eonfer
726 3430 845 3496 τελείαν
875 3451 916 3498 ex
944 3428 1141 3509 *τελεσ-ιω)
1169 3433 1293 3500 vuealis
1318 3457 1332 3498 ε

282 3635 314 3701 ¹⁰)
339 3632 478 3688 Interdum
500 3630 633 3700 digamma
654 3633 722 3688 latet
744 3632 774 3687 in
798 3630 933 3700 scriptura
954 3629 1068 3686 medita:
1096 3632 1126 3688 iu
1146 3632 1242 3703 tregua
1260 3639 1331 3700 60‚a

209 3729 260 3784 pre
279 3714 380 3770 eodicis
402 3711 520 3768 lectione
537 3709 676 3781 πρώτονές
693 3731 722 3767 τε
744 3727 804 3767 meo
826 3711 886 3766 iure
902 3710 1045 3783 πρώνονές
1062 3731 1091 3766 τε
1113 3713 1243 3781 restituo,
1268 3727 1333 3784 quae
1366 3754 1376 3778 ,

210 3793 298 3850 ferma
308 3787 430 3864 proxime
444 3793 551 3872 aceedit
564 3793 599 3848 ad
613 3791 769 3863 primariam
783 3795 949 3862 *retrorsa
961 3806 979 3847 a
992 3808 1046 3862 qua
1057 3793 1229 3863 Brugmanus
1242 3809 1331 3850 omnes

210 3873 291 3930 huius
308 3875 382 3930 neeis
399 3874 500 3930 formas
524 3873 611 3940 (Stud.
629 3875 675 3942 IV,
697 3879 755 3940 155)
774 3873 892 3930 deduxit
926 3872 1019 3928 Etiam
1036 3873 1065 3928 in
1082 3874 1179 3943 fragm.
1199 3880 1231 3930 41
1249 3877 1332 3944 legam

209 3971 260 4024 pro
278 3954 385 4011 traditis
401 3955 491 4012 verbis
509 3943 602 4008 drae'
622 3953 754 4029 ἱταὶρωνι
774 3949 867 4007 ὥναδ’
895 3951 1014 4026 ἑταίρων
1031 3954 1136 4022 (confer
1152 3957 1205 4012 lac.
1225 3953 1330 4024 ἓξ-ωβδ-

210 4034 271 4088 dra·
290 4031 388 4088 ἐνώτια
406 4051 449 4106 ap.
467 4035 533 4091 Hes.
551 4067 584 4076 —
603 4036 677 4093 Gurt.
696 4037 799 4108 Etym.⁴
816 4038 885 4103 404).
