2986 4864
219 411 281 472 358
738 406 829 476 Spiess

217 591 353 654 testatur
373 584 490 650 Athen.
521 580 700 648 1x3741)
729 577 769 645 oi.
793 577 878 644 Curi.
903 575 999 643 Grdz.
1021 577 1094 642 486.
1128 608 1171 620 -
1204 597 1225 657 y
1249 579 1350 658 profi

219 678 554 767 (ἰ)ερσγλεφάροι
587 698 663 761 pap.
690 681 716 740 1.
745 679 803 757 21,
838 693 922 758 quae
958 673 1060 739 forma
1089 671 1209 738 Dorion
1239 672 1351 738 haberi

218 783 336 864 potest.
357 813 400 826 -
421 783 443 861 β
466 798 524 862 pro
546 776 583 841 ri:
611 774 714 860 βλῆρ
737 773 758 839 i.
782 792 809 839 e.
834 771 965 854 δέλεαρ,
994 771 1036 835 ab
1057 768 1132 834 aliis
1153 769 1277 836 Alcaeo
1299 769 1351 834 tri-

219 877 331 943 butum
353 875 390 940 ir.
416 879 486 940 130.
508 907 549 919 -
573 895 600 958 φ
621 891 680 954 pro
702 875 745 936 3:
775 874 952 957 φοίναις
974 867 1011 934 ir.
1035 871 1086 947 24,
1109 886 1194 950 quae
1217 867 1351 932 mutatio

221 974 255 1039 in
279 971 436 1038 Lesbiaoa
457 970 595 1038 dialeoto
617 967 774 1033 nonnulla
796 967 896 1034 habet
916 967 1057 1048 analoga
1081 962 1163 1051 φήρ,
1194 962 1352 1030 ποικιλό-
1481 969 1482 1020 l

221 1065 324 1156 §opor²
351 1069 496 1153 (Sappho
521 1072 568 1151 1),
597 1085 660 1150 qua
685 1084 720 1130 re
747 1083 818 1130 eam
843 1084 884 1130 ex
906 1064 967 1130 huo
995 1063 1191 1146 prompsisse
1222 1071 1352 1146 poetam

220 1169 347 1234 Ahrens
374 1168 540 1250 opinatur.
578 1199 618 1210 -
656 1161 812 1230 Omnibus
842 1161 1053 1227 Doriensibus
1089 1179 1262 1226 commune
1296 1167 1352 1240 est,

221 1264 307 1348 quod
328 1265 495 1346 antiquum
516 1285 535 1326 τ
557 1281 579 1327 a
599 1261 712 1328 ueteris
728 1260 861 1326 Graecis
883 1258 1071 1342 saepissime
1093 1259 1127 1322 in
1151 1281 1172 1322 σ
1194 1265 1353 1322 mutatum
1482 1320 1483 1328 ,

221 1367 405 1439 servarunt,
437 1379 500 1441 qua
529 1377 565 1424 re
590 1377 661 1424 oum
684 1358 803 1423 Dorioa
824 1357 981 1422 dialeotus
1003 1356 1044 1422 ab
1068 1355 1202 1420 Aeolioa
1225 1374 1354 1437 qnoque
1482 1331 1483 1384 l

222 1458 366 1538 differat,
397 1457 605 1523 certissimum
635 1461 684 1521 est
713 1455 800 1520 illius
829 1452 992 1519 indicium.
1037 1452 1134 1536 Apud
1160 1453 1352 1520 Alemanem

218 1555 303 1622 ‘haee
331 1555 478 1636 leguntur
506 1576 525 1616 τ
555 1554 735 1618 conservati
764 1553 926 1633 exempla:
964 1557 1034 1616 tert.
1058 1570 1140 1634 pers.
1167 1550 1252 1632 sing.
1285 1569 1353 1616 ver·

222 1654 336 1719 borum
357 1651 392 1716 in
413 1675 470 1733 -μι
490 1650 693 1717 exeuntium:
727 1645 795 1736 ἠσὶ
820 1652 880 1714 139
909 1648 948 1714 oi.
972 1647 1077 1713 Gram.
1099 1647 1223 1723 Aneod.
1247 1645 1352 1726 Oxou.

223 1751 240 1816 Ι
265 1753 335 1814 192.
358 1753 399 1813 20
427 1744 481 1830 ήτὶ
509 1746 545 1813 δὲ
567 1748 656 1831 λέγει
676 1743 823 1828 Ἀλκμὰν
846 1742 921 1811 ἀντὶ
942 1752 1000 1810 τοῦ
1024 1742 1111 1830 pulv.
1129 1747 1245 1810 ·Tert.
1269 1763 1352 1829 pers.

224 1849 324 1932 plum:
349 1844 439 1912 ἐντί
460 1845 498 1909 fr.
523 1848 573 1926 66,
598 1840 790 1910 αἰνέοντι
811 1842 888 1908 ibid.
934 1843 1092 1925 Volgares
1116 1843 1354 1908 formassent:

225 1942 397 2025 ἐ’χσυσιν
418 1942 456 2007 fr.
473 1945 524 2025 34,
548 1939 747 2008 εὕδουσιν
770 1942 819 2008 bis
841 1940 878 2005 ir.
895 1944 945 2005 66.
966 1947 1029 2006 rot
1045 1944 1074 2021 6,
1098 1960 1178 2022 quas
1200 1963 1218 2004 ν
1243 1939 1354 2023 ephel-

224 2041 367 2126 oystieon
396 2039 477 2105 tueri
499 2038 635 2106 videtur.
679 2037 716 2105 0.
740 2038 874 2104 Mueller
902 2037 935 2102 in
963 2037 1045 2102 libro
1068 2035 1109 2103 de
1131 2037 1246 2102 Graan.
1270 2038 1355 2102 litte·

224 2158 332 2203 rarum
362 2136 495 2202 historia
522 2137 623 2201 1355
651 2134 856 2202 commendat
882 2134 1033 2200 Aeolioas
1058 2134 1178 2200 formas
1210 2133 1353 2214 ἕχοισιν,

227 2232 387 2302 εῧὸσισιν.
438 2233 499 2298 Pro
528 2228 629 2298 alte'ro
659 2230 815 2298 εὕδουσιν
837 2232 875 2297 ir.
899 2235 950 2297 60.
975 2235 1010 2312 6,
1045 2233 1131 2315 quod
1160 2231 1203 2297 ad
1234 2251 1353 2297 nomen

226 2331 369 2397 neutrius
390 2331 517 2412 generis
539 2337 673 2415 spectat,
697 2330 806 2412 Bergk
828 2331 979 2413 proponit
994 2349 1065 2396 eam
1088 2325 1234 2411 formam,
1258 2349 1355 2413 quam

225 2429 329 2494 latere
357 2427 390 2492 in
414 2427 567 2510 Hesyohii
595 2427 703 2510 glossa
731 2423 875 2494 εὸδεισι·
907 2421 1066 2512 ἡσυχάζει
1095 2447 1166 2492 oum
1189 2428 1355 2494 Meinelxio

227 2526 366 2609 conjicit,
390 2521 516 2607 arlinus
549 2523 652 2604 Quam
674 2525 791 2606 neseio,
815 2532 919 2590 ulrum
938 2524 1127 2590 Lesbinoam
1150 2525 1302 2591 habuerit
1323 2532 1356 2590 ut
1485 2587 1486 2598 ,

226 2624 268 2688 ab
291 2619 439 2708 *εῧδημι
467 2623 606 2704 quodam
633 2621 685 2700 (oi.
709 2621 927 2709 καθευδήσω)
957 2621 1147 2702 descendat,
1176 2642 1219 2686 an
1249 2624 1355 2705 potius

227 2720 314 2804 apud
336 2721 525 2786 Alemanem
553 2719 681 2786 tertiam
710 2738 880 2803 personam
908 2719 1003 2784 indie.
1032 2725 1093 2784 aot.
1119 2720 1295 2785 verborum
1322 2720 1356 2785 in

227 2841 271 2880 -ω
295 2817 478 2883 exeuntium
507 2836 746 2899 nonnumquam
775 2817 806 2881 in
835 2840 911 2904 -ησι
937 2816 1142 2882 terminatam
1168 2835 1243 2882 esse
1264 2823 1358 2900 puta·

98 2931 100 2934 ·
228 2916 325 2992 verit,
355 2934 450 2996 qnam
474 2913 602 2995 quidem
625 2912 714 2996 apud
735 2913 868 2997 Ibyonm
892 2914 1026 2998 lyrioum
1049 2914 1178 2997 saepius
1200 2914 1358 2996 legebant

228 3009 437 3092 grammatici.
482 3010 558 3076 Sive
586 3010 662 3090 hoo,
693 3011 761 3076 sive
790 3010 870 3076 illud
898 3012 1017 3102 mavis,
1048 3009 1198 3094 displieet
1221 3011 1357 3094 Bergkii

229 3105 420 3187 oonjeotura.
457 3142 499 3152 —
535 3107 787 3190 Praepositionis
819 3105 923 3191 πρός
954 3108 1096 3191 vulgaris
1128 3107 1233 3174 forma
1267 3115 1359 3175 extat

228 3203 267 3268 fr.
291 3206 349 3282 52,
381 3201 500 3269 deinde
521 3204 555 3268 in
577 3205 753 3288 oomposito
776 3202 1002 3288 πρόὲωπον
1025 3226 1099 3288 pap.
1123 3209 1152 3270 2.
1176 3209 1228 3268 21.
1276 3207 1358 3272 ποτὶ

230 3299 333 3366 oodex
354 3301 488 3383 praebet
502 3300 539 3365 ir.
556 3305 607 3382 36,
630 3301 715 3382 quod
731 3302 864 3368 Bokker
886 3303 1000 3370 merito
1021 3303 1055 3368 in
1078 3305 1204 3386 epioum
1227 3305 1360 3388 προτὶ

231 3399 366 3464 mutavit
394 3403 495 3465 metro
525 3398 683 3480 exigente.
728 3399 877 3465 Ceterum
900 3400 961 3464 hoo
985 3399 1201 3480 fragmentum
1225 3404 1359 3468 omnino

135 3494 138 3501 ’
230 3497 271 3562 ab
294 3497 451 3562 Alemane
473 3497 613 3561 alienum
637 3515 708 3562 esse
730 3497 865 3561 videtur.
890 3533 929 3542 -
952 3498 1154 3563 Pronominis
1175 3501 1358 3581 personalis

230 3613 293 3660 seo.
315 3613 400 3677 pers.
421 3593 525 3675 reperi
548 3594 608 3660 has
629 3594 762 3660 formas:
785 3613 858 3676 gen.
873 3598 941 3659 σέο
965 3594 1060 3659 ir.19
1084 3614 1102 3661 ε
1123 3595 1244 3660 diserto
1261 3597 1358 3679 Apol-

230 3691 308 3755 lonii
331 3689 385 3769 (de
406 3709 497 3773 pron.
521 3693 594 3768 356)
617 3692 815 3758 testimonio:
846 3687 864 3777 ἡ
890 3697 948 3756 σέσ
971 3689 1238 3775 μεταβάλλειτὸ
1263 3715 1286 3758 σ
1307 3691 1357 3768 ἐἰς

230 3787 269 3852 τὸ
291 3812 311 3850 τ
333 3784 428 3872 παρὰ
453 3791 659 3870 Δωριεῦσιν·
686 3781 832 3868 Ἀλκμὰν
862 3786 921 3870 ἐμὲ
945 3788 1105 3854 Λατοίδα
1133 3794 1192 3854 τέο
1217 3786 1251 3852 δ’
1277 3788 1357 3871 ἄχος

229 3881 342 3966 χόρον.
376 3884 441 3949 dat.
460 3907 528 3948 τοι
549 3885 586 3950 fr.
603 3888 653 3967 33,
675 3889 743 3950 σοι’
764 3885 800 3950 ir.
818 3889 859 3951 86
881 3886 920 3952 ei.
935 3888 1043 3970 Apoll.
1067 3885 1108 3952 de
1129 3907 1221 3970 pron.
1237 3891 1301 3953 365
1317 3891 1356 3953 A.

231 3981 415 4071 Aoousativi
436 3982 617 4065 complures
638 3983 757 4049 formas
782 3984 870 4068 apud
893 3985 1066 4052 Dorienses
1095 3984 1230 4051 usitatas
1259 3985 1355 4052 fuisse

243 4327 265 4367 'h'
