2986 4864
253 403 294 458 De
311 402 422 457 ablativi
440 403 468 457 in
486 403 621 459 veteribus
638 405 737 476 linguis
755 407 853 463 italicis
871 409 959 464 forma
977 415 1004 466 et
1021 427 1073 468 usu
1090 412 1180 469 locali.
1215 410 1274 472 391

150 575 322 657 ablativus,
346 575 450 657 qualis
471 576 505 642 in
521 579 635 645 ceteris
657 577 775 662 linguis
790 580 1059 665 indogormanicis
1075 595 1087 646 t
1102 585 1146 665 (d)
1169 587 1278 656 littera

149 674 304 739 formatus
325 673 496 756 invenitur,
524 675 601 742 talis
623 676 698 742 olim
720 677 754 742 in
776 678 885 745 italica
907 679 1016 763 luerit,
1040 701 1145 765 neque
1166 703 1275 752 eorum

149 773 311 836 sententia
333 771 411 835 mihi
433 770 562 855 arridet,
586 774 642 856 qui
657 781 797 841 veterem
814 776 948 846 ablativi
971 777 1104 845 formam
1127 781 1193 849 alia
1215 783 1276 848 lor-

23 911 34 931 .
150 868 293 934 motione
321 887 507 952 oppressam
530 887 601 936 esse
622 877 750 955 putant,
780 891 843 955 qua
865 875 1026 940 sententia
1049 867 1207 960 Bergkius
1229 882 1276 946 vi-

148 964 241 1031 detur
265 985 341 1032 usus
364 985 452 1050 esse;
480 972 547 1031 tum
576 966 688 1033 rideas
710 970 808 1034 velim
830 969 948 1037 formas
970 970 1112 1037 dormibo
1143 982 1176 1042 et
1196 977 1272 1040 dor-

147 1064 257 1141 miam,
284 1082 381 1145 quae,
413 1083 606 1146 quamquam
629 1064 766 1132 eandem
788 1068 852 1133 vim
875 1068 1021 1152 habentp
1042 1076 1152 1138 tamen
1173 1076 1273 1157 plane

146 1159 274 1226 diverso
298 1160 393 1226 modo
415 1160 570 1226 lormatae
592 1166 677 1227 sunt.

232 1259 358 1340 Lingua
379 1265 486 1324 autem
509 1259 653 1326 umbrica
675 1281 837 1344 uunquam
859 1262 979 1331 illudd
999 1267 1151 1349 servavit,
1174 1275 1271 1352 atque

143 1375 228 1438 quac
250 1354 389 1438 vestigia
411 1355 625 1424 Buechelerus
647 1359 919 1442 (Tabulllugub.
936 1360 989 1426 Vl.
1023 1363 1134 1430 Fleck.
1157 1365 1270 1433 Jahrb.

143 1453 164 1518 l.
190 1453 310 1518 Philol.
330 1454 409 1517 1875
431 1472 505 1536 pag.
522 1457 596 1552 3318)
619 1474 654 1521 se
675 1455 840 1524 invenisse
862 1465 969 1540 putat,
993 1478 1032 1526 ea
1053 1460 1176 1528 incerta
1199 1482 1270 1530 csse

143 1550 387 1616 demonstrabo:

231 1651 261 1724 1)
286 1667 368 1730 pure
389 1646 474 1709 redte
496 1653 570 1732 ique
585 1647 691 1728 danto)
714 1650 779 1714 tab.
798 1651 833 1716 V.
850 1670 879 1714 a.
896 1653 913 1713 7
939 1650 1053 1718 eodem
1076 1653 1144 1719 iure
1160 1655 1206 1721 sic
1222 1655 1269 1722 di·

142 1745 208 1810 vidi
232 1751 353 1827 potest:
385 1765 492 1828 pru-rc,
519 1746 708 1828 praesertim
730 1765 802 1810 cum
827 1747 1022 1813 Buechelero
1045 1749 1151 1816 iudice
1174 1754 1270 1834 porri

140 1843 226 1926 (qui)
255 1841 374 1907 factum
402 1842 444 1908 sit
469 1862 511 1908 ex
536 1843 658 1926 po-roi3
688 1841 765 1925 quid
787 1842 867 1907 illud
890 1846 922 1920 ‚ri
935 1846 1005 1920 ivel
1028 1867 1079 1922 re,
1109 1847 1173 1920 rai,
1202 1869 1264 1922 rso,

140 1945 287 2005 exortum
303 1958 343 2004 ex
361 1940 412 2015 dc)
432 1939 484 2022 sit,
508 1937 637 2005 difficile
659 1945 710 2006 est
729 1938 830 2022 dictu;
854 1939 989 2009 iortasse
1011 1963 1075 2009 non
1098 1946 1196 2027 plane
1219 1947 1267 2014 in·

140 2043 214 2120 epte
238 2037 395 2120 quispiam
420 2036 527 2102 dicere
549 2036 650 2118 possit
671 2057 735 2102 non
758 2055 830 2102 esse
852 2036 1013 2104 diversum
1035 2059 1056 2104 a
1076 2059 1193 2124 graeco
1217 2042 1265 2124 da,

139 2133 226 2217 quod
255 2134 496 2218 pronominibus
525 2133 689 2200 nonnullis
717 2132 846 2199 additur
872 2129 957 2214 (ὅδε)
988 2141 1085 2219 atque
1116 2140 1267 2210 cohaeret

137 2250 209 2297 cum
233 2231 332 2296 latino
355 2232 435 2304 dom,
459 2233 538 2295 dem.

226 2332 258 2408 2)
293 2329 331 2393 ln
353 2329 464 2394 tabula
487 2328 540 2393 Vl.
562 2348 592 2394 a.
617 2333 635 2391 5
658 2329 774 2412 legitur
795 2331 878 2392 cersi
893 2331 991 2414 porci,
1016 2329 1103 2415 quod
1125 2335 1266 2405 Bueche-

136 2426 224 2492 lerus
246 2425 422 2493 rectissime
443 2426 554 2492 vertit:
576 2426 649 2488 sede
671 2441 742 2510 quo.
778 2427 820 2490 At
839 2427 925 2509 pinei
943 2449 1008 2494 non
1032 2437 1080 2496 est
1101 2431 1264 2502 ablativus

137 2523 196 2589 sed
218 2523 375 2590 locativus
399 2525 512 2609 pri-roi,
542 2523 595 2606 qui
621 2542 713 2588 casus
735 2529 840 2588 exstat
861 2523 895 2588 iu
917 2525 1024 2591 verbis
1051 2529 1134 2590 serti
1154 2531 1263 2613 (redi),

135 2618 264 2693 comi-lc,
294 2641 378 2694 erse,
408 2621 474 2686 tab.
498 2619 553 2684 VI.
576 2639 605 2686 a.
629 2624 658 2701 5,
683 2622 719 2702 83
749 2619 857 2702 itaque
878 2641 949 2682 erse
965 2623 1054 2704 pirri
1071 2626 1261 2693 vertendum

135 2725 186 2784 cst
206 2717 258 2780 bic
272 2717 333 2792 ubi,
356 2739 421 2783 non
444 2727 507 2780 tum
523 2737 607 2791 cunr,
629 2736 725 2798 quam
746 2717 938 2784 sententiam
954 2718 1087 2785 Brealus
1109 2724 1261 2807 sequitur,

134 2835 207 2882 cum
229 2817 285 2880 vix
307 2815 401 2882 nobis
422 2813 598 2881 concedere
620 2813 788 2897 possimus,
813 2819 847 2879 ut
868 2813 901 2878 in
924 2814 1034 2898 lingua
1049 2816 1128 2884 satis
1149 2819 1261 2902 ignota

133 2913 249 3006 cadem
272 2913 381 2995 verba,
404 2919 592 2995 argumento
614 2919 701 2978 certo
724 2909 902 2992 deficiente,
926 2910 1053 2980 diverso
1075 2915 1171 2982 modo
1192 2938 1261 2986 rer·

133 3016 251 3076 tantrm

221 3108 304 3173 Num
327 3107 424 3172 liceat
445 3106 478 3172 iu
500 3109 644 3173 veterum
665 3108 882 3172 Romanorum
910 3107 1037 3192 scriptis
1059 3107 1141 3174 illud
1162 3110 1186 3172 d
1204 3111 1261 3178 ab·

133 3204 225 3270 lativi
247 3203 423 3286 restituere,
446 3204 480 3269 id
503 3204 587 3286 quod
602 3205 795 3270 Ritschelius
816 3204 850 3270 in
866 3205 972 3270 Plauti
993 3205 1111 3272 fabulis
1126 3216 1260 3276 conatus

133 3307 197 3382 est,
227 3321 299 3367 cum
322 3301 383 3366 bac
406 3300 447 3368 de
468 3321 504 3368 re
525 3302 589 3367 iam
613 3302 803 3385 saepissime
824 3302 1002 3383 quaesitum
1024 3302 1082 3384 sit,
1111 3303 1195 3370 inira
1218 3305 1259 3372 de

132 3399 245 3482 paucis
260 3399 356 3464 modo
370 3399 479 3466 formis
494 3398 744 3482 disputabimus3
766 3397 801 3463 id
815 3398 928 3481 negari
943 3416 1007 3462 non
1022 3404 1138 3479 potest,
1158 3401 1258 3468 verba

132 3497 256 3580 primae
286 3503 317 3562 et
347 3496 508 3563 secundae
539 3494 763 3561 declinationis
786 3491 964 3559 diutissime
985 3493 1067 3558 illud
1090 3495 1258 3564 dcouser-

131 3612 243 3675 vasse‚
275 3591 309 3658 id
331 3592 417 3675 quod
438 3593 662 3676 inscriptiones
684 3590 906 3657 demonstrant
927 3591 1005 3657 bae:
1035 3589 1071 3654 Ο.
1093 3589 1120 3655 Ι.
1145 3591 1169 3672 Ι,
1184 3597 1253 3658 ,181

130 3711 206 3754 cere
228 3691 428 3774 molticctod3
457 3693 482 3772 1,
506 3696 546 3756 30
572 3686 718 3753 ffircicod
735 3696 829 3772 petre
846 3696 1039 3769 proponam,
1072 3687 1157 3768 quod
1179 3688 1256 3754 Les·

130 3787 221 3857 kieni
244 3788 404 3854 sententia
426 3790 563 3872 probata
582 3806 622 3852 ea
644 3804 678 3850 re
700 3784 855 3868 explicari
877 3785 986 3867 possit,
1010 3784 1096 3866 quod
1118 3783 1180 3850 bae
1202 3784 1256 3852 de·

130 3884 322 3951 clinationes
345 3884 433 3952 solae
447 3883 612 3952 iureillud
627 3884 650 3946 ol
664 3881 873 3966 posscderint.
896 3915 938 3928 -
960 3882 1073 3964 Neque
1094 3902 1167 3947 raro
1189 3884 1254 3948 iam
1332 3909 1334 3914 ·

128 3982 361 4066 antiquissimis
383 3983 579 4066 temporibus
600 3978 764 4045 nominum
786 3978 902 4060 stirpes
924 3980 957 4043 in
978 3985 1208 4046 consonantem
1223 3987 1255 4048 et
