2968 4866
459 456 501 512 De
518 455 658 514 Alcmanis
676 465 773 526 poetae
791 457 916 515 dialecto.
1190 460 1252 522 339

121 630 180 695 καὶ
209 624 230 716 ἡ
260 634 327 693 τῶν
350 625 538 706 Λακώνων,
569 621 589 714 ᾗ
619 634 777 714 κέχρηται
795 627 980 713 Ἀλκμάων.
1026 623 1150 700 uadem
1174 635 1252 717 lere,

122 727 175 810 qui
199 745 241 794 cx
256 725 370 792 eodem
386 725 475 792 fonte
489 732 585 809 atque
604 727 661 792 iile
677 727 784 794 hausit
799 728 972 811 Gregorius
988 729 1172 796 Corinthius
1188 734 1248 796 371

121 823 173 890 ed.
189 823 354 890 Sobaefer.
387 822 566 890 Pausanias
588 843 659 888 cum
675 825 840 892 Alcmanis
862 827 1057 893 mentionem
1079 827 1251 906 iacitsboc

121 921 259 988 adnotat
280 920 322 988 de
344 920 415 1003 ejus
443 920 637 988 carminibus
659 921 709 998 111
735 927 783 985 15.
806 927 825 987 2
855 916 881 1008 ᾦ
905 921 1088 1012 ποιήσαντι
1116 921 1251 1011 ᾄσματα

121 1015 221 1086 οὐδὲν
245 1017 281 1094 ἒς
304 1014 429 1104 ἡδονὴν
452 1014 562 1083 αὐτῶν
584 1015 770 1104 ἐλυμήνατο
791 1026 858 1086 τῶν
875 1013 1052 1085 Λακώνων
1068 1017 1087 1107 ἡ
1104 1020 1251 1106 γλῶσσα,

122 1113 246 1202 ἥκιστα
268 1119 483 1200 παρεχομένη
507 1113 546 1179 τὸ
571 1111 734 1199 εὔφωνον.
778 1117 863 1184 Satis
886 1137 926 1184 ex
941 1117 992 1182 bis
1007 1125 1143 1200 apparet
1163 1117 1252 1202 apud

121 1219 249 1278 veteres
279 1211 461 1279 constitisse
485 1212 647 1277 Laconem
674 1219 803 1294 poetam
826 1214 987 1279 Laconica
1016 1214 1154 1281 dialecto
1182 1235 1252 1282 esse

121 1330 231 1392 usum,
254 1310 351 1374 immo
369 1328 426 1374 eas
443 1309 572 1392 formas,
595 1330 711 1392 quasa
727 1310 847 1376 Doride
870 1312 994 1378 alienas
1008 1332 1067 1377 nos
1082 1311 1253 1378 imitationi

122 1406 254 1471 Homeri
284 1406 487 1472 attribuimus
509 1407 563 1472 vel
586 1426 605 1473 e
627 1407 752 1489 vulgari
780 1408 892 1491 lingua
916 1409 950 1474 in
978 1416 1089 1476 nostra
1110 1411 1253 1475 carmina

121 1503 292 1587 irrepsisse
314 1511 473 1586 putamus,
497 1524 554 1588 pro
571 1504 694 1570 Doriois
717 1525 782 1568 nou
806 1524 980 1587 numquam
999 1505 1186 1572 vendidisse
1208 1507 1254 1570 vi·

122 1601 241 1667 deutur
262 1600 301 1666 cf.
318 1601 425 1683 Apoll.
449 1601 490 1667 de
507 1621 598 1685 pron.
615 1601 717 1667 3660
740 1597 759 1687 ἦ
784 1583 837 1664 Ed
858 1597 985 1682 ὁμοίως
1007 1603 1095 1686 πρὸς
1117 1601 1253 1669 πάντων

122 1696 220 1783 κοινή
230 1715 237 1732 ·
260 1701 410 1780 Δωριεῖς
426 1697 483 1763 διὰ
498 1704 558 1762 τοῦ
573 1723 613 1762 τ.
627 1747 634 1763 .
648 1747 655 1762 .
671 1696 758 1781 πρὸς
775 1698 811 1763 δὲ
826 1699 863 1763 τὲ
879 1705 945 1764 τῶν
961 1700 1087 1785 φίλων·
1109 1696 1273 1780 Ἀλκμάν·

124 1844 148 1861 ..
166 1797 223 1860 καὶ
240 1793 291 1860 ἔτι
306 1801 445 1872 κοινῶς·
470 1797 508 1861 σὲ
531 1793 595 1878 γὰρ
618 1791 750 1875 ἅζομαι.
783 1796 812 1860 A
829 1795 989 1860 Laconica
1004 1795 1142 1860 dialecto
1157 1794 1254 1876 igitur

122 1891 390 1976 proficiscendum
422 1900 487 1972 est,
522 1911 593 1958 cum
622 1891 806 1972 materiam,
836 1911 932 1974 quam
955 1891 1143 1958 Alcmanica
1168 1891 1253 1972 frag-

122 1996 234 2056 menta
255 1988 474 2072 suppeditant,
498 1987 762 2055 examinabimus.

210 2086 285 2152 Noli
301 2093 410 2152 tamen
427 2086 567 2168 credere,
590 2105 690 2169 purae
707 2085 836 2152 Doridis
854 2092 1015 2152 auctorem
1038 2093 1166 2170 poetam
1183 2105 1254 2151 esse

122 2184 286 2264 habitum,
317 2203 382 2248 non
410 2182 490 2265 fugit
515 2185 601 2249 viros
623 2183 825 2249 doctissimos
855 2183 974 2249 formas
996 2183 1083 2267 apud
1106 2204 1177 2250 eum
1202 2203 1255 2248 ex·

122 2288 195 2348 tare
224 2279 358 2345 aliunde
386 2280 513 2362 petitas.
557 2282 649 2346 Idem
677 2280 750 2360 ille,
784 2299 880 2363 quem
913 2299 1010 2363 supra
1039 2280 1253 2363 laudavimus,

122 2379 318 2463 Apollonius
341 2377 382 2443 dc
405 2378 566 2461 digamma
589 2378 786 2461 pronominis
809 2397 894 2462 poss.
917 2384 989 2444 tert.
1012 2397 1096 2461 pers.
1120 2383 1255 2444 testatus

123 2475 178 2554 (de
192 2494 285 2559 pron.
297 2495 328 2557 p.
340 2476 412 2552 136)
429 2475 486 2540 acl
498 2467 656 2556 Ἀλκμὰν,
672 2474 785 2556 inquit,
802 2479 948 2554 συνεχῶς
960 2471 1134 2553 Αἰολίζων
1152 2479 1254 2560 φησί’

110 2566 166 2638 ’τὰ
189 2572 235 2638 sd
257 2570 375 2637 κάδεα.
418 2574 541 2640 Doctus
565 2573 791 2654 grammaticus
814 2571 981 2650 videlicet,
1012 2571 1066 2654 qui
1095 2571 1254 2635 communi

124 2671 268 2736 omnium
299 2687 405 2734 errore
433 2670 602 2735 tenebatur
623 2669 789 2733 Aeolicam
812 2685 883 2732 esse
906 2668 989 2732 banc
1011 2667 1154 2749 literam,
1183 2686 1255 2732 cum

124 2787 197 2833 eam
222 2765 309 2849 apud
332 2767 493 2832 Laconem
516 2766 686 2849 reperiret,
710 2783 839 2830 causam
862 2783 902 2829 ex
926 2763 1022 2830 totius
1046 2764 1175 2831 dialecti
1197 2764 1255 2829 ba·

124 2865 195 2930 bitu
217 2861 357 2946 repetiit,
381 2882 464 2945 quae
484 2864 566 2930 alios
589 2880 715 2944 quoquc
736 2861 907 2927 acolismos
929 2861 1106 2928 exhiberet.
1142 2863 1256 2945 Neque

123 2962 169 3027 ad
198 2960 352 3042 digammi
382 2980 473 3026 usum
503 2957 724 3026 tantummodo
753 2957 956 3025 referendum
985 2966 1034 3024 ost
1063 2958 1145 3024 illud
1170 2959 1257 3042 judi,

124 3060 228 3138 oium,
260 3057 346 3139 quod
368 3059 402 3122 in
427 3056 664 3140 exemplaribus
686 3055 850 3120 Alcmanis
871 3055 1038 3138 Apollonii
1060 3061 1168 3122 aetate
1190 3076 1256 3121 non

124 3164 192 3221 tam
222 3155 335 3220 crebro
363 3156 512 3235 extabat,
545 3161 579 3218 ut
612 3155 642 3220 ei
671 3158 818 3233 συνεχῶς
846 3150 1025 3232 Αἰολίζειν
1053 3153 1131 3219 inde
1159 3153 1257 3218 tribui

125 3258 245 3336 posset.
290 3252 332 3316 At
360 3252 445 3319 banc
467 3252 507 3316 ob
530 3269 598 3316 rom
621 3257 706 3316 certe
731 3268 826 3315 nemo
855 3253 984 3332 poetam
1007 3256 1151 3316 nostrum
1173 3251 1257 3316 Aeo·
1358 3334 1361 3339 ,

124 3351 212 3416 libus
234 3349 348 3414 merito
370 3349 509 3414 tribuere
532 3355 659 3431 potest,
681 3347 767 3430 quod
796 3338 824 3413 si
845 3347 1030 3413 Priscianus
1050 3346 1155 3422 sccit⁹)
1183 3367 1255 3411 cum

126 3467 252 3514 errasse
286 3454 444 3530 putamus.
497 3445 580 3512 Nam
613 3464 684 3509 cum
717 3443 775 3508 ille
807 3443 1007 3508 subtiliorem
1040 3443 1256 3524 cognitionem

126 3545 324 3611 Graecarum
348 3543 557 3609 dialectorum
586 3562 650 3607 non
678 3539 829 3606 babuisse
854 3539 1011 3621 videatur,
1025 3559 1105 3609 non
1134 3538 1254 3620 dubito,

197 3809 218 3874 ⁹)
245 3807 400 3862 Priscianus
418 3805 431 3858 I
453 3809 496 3859 16:
522 3803 699 3858 Inveniuntur
716 3803 797 3857 etiam
822 3817 872 3870 pro
895 3801 981 3856 vocali
999 3804 1125 3869 correpta
1145 3800 1198 3856 hoc
1216 3801 1257 3856 di·

126 3903 235 3959 gamma
251 3887 291 3942 illi
309 3888 335 3952 (i.
355 3900 378 3940 e.
396 3884 505 3950 Aeoles)
523 3884 575 3950 usi,
593 3889 625 3940 ut
642 3884 756 3938 Alcman
770 3885 821 3937 etc.
848 3882 862 3935 1
882 3887 910 3936 17
931 3881 1028 3936 Hiatus
1047 3897 1153 3951 quoque
1172 3897 1257 3938 causa

128 3970 254 4024 solebant
271 3967 312 4022 illi
327 3968 501 4035 interponere
518 3965 653 4033 digamma
669 3983 694 4030 ν,
717 3963 788 4030 quod
806 3961 953 4018 ostendunt
971 3962 1050 4016 etiarn
1068 3966 1166 4030 poetae
1183 3963 1256 4020 Aeo-

127 4050 182 4104 lide
200 4049 252 4115 usi,
270 4048 385 4102 Alcman
404 4052 455 4101 etc.

998 4130 1052 4180 22*
