2916 4872
242 419 302 482 128
737 427 869 483 Beuum

240 621 283 666 nn
305 607 395 667 autre
417 607 483 667 mot
504 599 654 666 laconien
669 612 859 686 πρωτεῖραι
873 621 936 685 que
952 602 1084 669 Photius
1105 605 1169 670 lex.
1184 626 1216 689 p.
1236 612 1303 689 140,
1319 611 1354 672 nt

239 700 413 784 interprete
435 699 533 766 ainsi:
560 697 594 762 οἱ
616 699 697 782 περὶ
720 696 831 764 εἴκοσι
854 697 911 785 ἔτη
934 699 1029 785 παρὰ
1051 699 1247 782 Λάκωνας“
1270 703 1317 785 (t).

325 799 522 865 Postremam
539 817 557 864 e
572 797 740 863 Messeniis
760 796 998 881 inscriptionem
1015 800 1185 869 Andaniae
1205 804 1358 888 amplissi-

239 919 325 965 mam
341 897 443 966 edidit
458 896 654 977 Foucartius,
676 915 782 978 quam,
803 895 886 978 quod
905 897 1083 982 aSauppio
1099 899 1220 966 dudum
1237 903 1358 985 egregie

238 997 327 1065 edita
348 1004 407 1079 est,
431 996 583 1061 hocloco
606 1014 670 1060 non
693 995 902 1078 respeximus.

700 1201 903 1210 .——.—-—.

325 1337 362 1402 V.
408 1339 560 1402 Extrema
588 1336 621 1400 in
648 1334 870 1400 dissertatione
899 1335 941 1401 de
962 1335 1223 1421 inscriptionibus
1251 1357 1358 1403 arca·

238 1436 344 1502 diois
367 1455 387 1500 a
410 1433 576 1499 Foucartio
601 1435 793 1508 (327-353)
816 1431 911 1499 editis
935 1433 1152 1518 disputaturus
1174 1456 1254 1501 sum.

327 1551 356 1620 1)
386 1544 500 1610 Adbuc
523 1543 723 1626 digamma
744 1544 847 1610 solum
862 1544 896 1608 in
911 1543 1050 1610 nominis
1070 1544 1191 1629 proprii
1212 1545 1358 1628 genetivo

237 1641 426 1723 roocroc'go
448 1641 496 1720 (G.
517 1643 541 1707 Ι.
568 1646 660 1716 1520)
684 1649 752 1708 erat
773 1642 933 1707 nuditum.
978 1643 1079 1708 Novis
1101 1643 1358 1728 inscriptionibus

236 1742 386 1827 perlectis
414 1740 634 1824 cognoscimus
655 1740 799 1806 Arcades
827 1741 968 1806 crebrius
991 1739 1151 1823 digammc
1179 1762 1255 1808 usos
1282 1762 1357 1809 esse.

237 1840 334 1907 Cuius
356 1838 485 1923 quidem
507 1837 689 1904 invenimus
711 1839 792 1904 baec
814 1838 965 1920 vestigia:

321 1962 353 2035 a)
393 1956 626 2020 resonante
654 1955 770 2036 (352pl
808 1959 856 2019 est
887 1972 1005 2019 nomen
1035 1953 1137 2020 tribus
1165 1954 1357 2022 Mantineae.

237 2054 315 2120 (lum
338 2053 473 2118 aliarum
496 2050 628 2115 nomina
650 2050 758 2115 omnia
780 2050 822 2116 ad
845 2049 923 2118 deos
945 2051 1137 2141 pertineant,
1160 2052 1250 2118 velut
1264 2049 1358 2118 Ἐπα-
1448 2121 1449 2126 ,

236 2152 297 2217 λέα
318 2150 360 2216 ad
383 2150 570 2228 Minervam,
590 2143 740 2211 Ἐνυαλία
762 2147 805 2212 ad
827 2148 973 2230 Martem,
993 2144 1181 2230 ‘Orrlcdplo
1202 2149 1246 2214 ad
1268 2150 1359 2216 Iunc

236 2268 326 2331 nem,
354 2245 545 2314 Hocccdlte
567 2244 610 2309 ad
632 2245 832 2328 Neptunum,
862 2248 943 2313 baec
965 2266 1090 2330 quoque
1111 2247 1213 2312 tribus
1234 2248 1358 2314 videtur

236 2368 257 2414 a
286 2347 348 2413 deo
377 2343 531 2429 quodam,
561 2343 697 2409 fortasse
724 2344 766 2408 ab
797 2345 962 2429 Apolline,
994 2345 1048 2428 qui
1076 2343 1205 2429 saepius
1233 2353 1357 2430 praeter

237 2450 361 2511 ceteros
383 2440 468 2524 ἄναξ
489 2441 678 2525 cognomine
699 2443 934 2528 appellabatur,
957 2463 1074 2511 nomen
1090 2441 1230 2509 duxisse.
1265 2443 1357 2510 Cuius

236 2542 325 2609 vocis
348 2541 511 2626 digamma
533 2546 565 2605 et
587 2559 627 2605 ex
649 2539 844 2614 carminibus
871 2541 1041 2608 homericis
1063 2541 1262 2624 aliorumque
1275 2543 1358 2609 'seri-

236 2649 363 2726 ptorum
390 2638 482 2705 libris
505 2645 599 2706 etex
625 2638 886 2722 inscriptionibus
915 2639 1124 2724 complurium
1151 2636 1356 2706 dialcetorum

237 2746 285 2806 est
300 2739 379 2806 satis
394 2744 520 2804 notum:
540 2736 649 2803 confer
662 2735 697 2801 in
711 2735 829 2802 inser.
845 2756 953 2823 cypr.
969 2735 1142 2814 (Studvll
1156 2738 1270 2819 p.237,
1288 2742 1356 2804 258l

236 2836 287 2903 bis
309 2836 417 2917 πάναξ
438 2842 470 2902 et
491 2836 591 2902 semel
607 2831 761 2900 revecca
784 2833 874 2911 (ibid.
890 2856 921 2918 p.
938 2838 1022 2915 259),
1046 2834 1176 2899 boeot.
1193 2838 1356 2916 παναξίων

237 2933 284 3009 (G.
307 2935 333 2999 Ι.
359 2938 463 3014 1574),
486 2940 580 2999 cret.
604 2933 857 3017 Βαναξίβουλος
879 2931 925 3012 (O.
943 2933 968 2998 l.
984 2935 1078 3013 2572,
1102 2937 1121 2996 4
1144 2937 1177 2997 et
1200 2935 1296 3015 2577,
1319 2937 1356 3012 4),
1447 2933 1448 3006 J

236 3031 367 3096 lacon.
382 3028 507 3122 ξάναχς
522 3034 597 3110 (226
612 3052 664 3115 ap.
681 3032 800 3112 Fene),
824 3025 1068 3114 Εὐρυβάνασσα
1087 3028 1177 3108 (ibid.
1197 3035 1257 3096 163
1265 3054 1295 3114 a,
1312 3035 1355 3113 2);
1447 3023 1448 3038 ¹

240 3127 340 3209 1631,
364 3133 420 3211 503
444 3128 477 3194 O.
501 3130 526 3193 I.
552 3131 643 3210 1372,
671 3134 732 3210 10),
755 3133 977 3213 sovourcpteg
1000 3129 1045 3204 (in
1063 3128 1272 3196 anathemate
1294 3131 1357 3214 pla·

235 3226 373 3306 taeensi,
404 3225 516 3292 Jabn’s
544 3226 657 3291 Jahrb.
684 3231 762 3304 18,ῠῖ
791 3248 823 3311 p.
847 3227 930 3304 487).
981 3226 1153 3292 Praeterea
1178 3225 1356 3316 Hesychius

235 3321 361 3408 βάννας
377 3320 519 3390 tradidit.
543 3325 593 3389 De
608 3323 716 3390 radice
727 3325 836 3391 confer
851 3343 899 3405 ea,
915 3343 997 3407 quae
1009 3325 1257 3407 Angermannus
1270 3323 1355 3392 Stud.

236 3422 296 3504 ΙΙΙ,
323 3424 382 3487 118
398 3441 486 3504 seqq.
509 3420 668 3488 disseruit.
705 3420 770 3488 Sed
787 3421 907 3502 dubito,
928 3421 1005 3504 quid
1020 3420 1061 3487 de
1076 3421 1164 3487 vocis
1178 3427 1356 3488 forestata

236 3520 323 3587 exitu
339 3525 493 3587 statuam:
515 3519 650 3586 fortasse
666 3539 687 3585 a
701 3517 919 3598 *πανακίζειν
941 3525 995 3596 (=
1004 3514 1179 3596 ἀνάσσειν)
1201 3519 1356 3588 deducere

234 3618 319 3685 licet.
363 3617 403 3684 In
426 3616 539 3683 eadem
561 3617 655 3683 inser.
678 3619 768 3701 352p
791 3616 927 3699 legimus

320 3730 352 3808 b)
389 3732 573 3815 genetivum
589 3735 774 3796 scorteo.
807 3731 926 3815 Aperte
941 3736 990 3796 est
1004 3734 1137 3808 stortae
1159 3750 1219 3814 pro
1230 3726 1355 3808 Ἑστίας
1446 3753 1447 3834 3

234 3847 356 3894 avcce
378 3827 474 3894 ἑστία
501 3828 687 3911 deductum,
717 3828 805 3894 cuius
827 3853 848 3893 r
869 3829 932 3894 buc
960 3847 1061 3911 usque
1089 3834 1213 3894 tantum
1243 3830 1277 3895 in
1298 3829 1356 3895 Ηθ.
1446 3835 1447 3890 l

235 3925 338 4010 sycbii
367 3927 476 4010 glossa
504 3932 634 4010 yrcrlo'
666 3925 791 4011 ἐσχάρα
819 3933 890 3993 erat
916 3925 1078 3993 traditum.
1124 3927 1174 3992 De
1204 3926 1275 3994 rad.
1303 3927 1354 3992 cfr.
1446 3915 1447 3988 l

237 4021 323 4088 Gurt.
347 4025 468 4107 Etym.⁴
490 4045 521 4108 p.
545 4029 616 4091 400.
640 4061 681 4070 -
704 4024 827 4090 Ibidem
849 4024 1011 4091 invenitur
