2968 4866
415 446 592 515 Quaestiones
610 446 831 515 dialectologicac
848 464 970 516 macone.
1199 447 1261 509 279

219 619 258 684 In
288 618 349 684 hoc
369 619 465 702 igitur
486 640 590 686 rerum
613 626 698 686 statu
720 627 871 704 apparet,
900 620 985 705 quod
1009 622 1137 704 quidem
1160 631 1262 692 muta·

133 720 256 783 tionem
280 739 350 782 orv
373 718 504 796 attinet,
528 718 612 784 inter
626 719 778 786 'vocalem
802 741 820 782 o
843 719 877 784 in
899 720 1176 788 terminationibus
1194 724 1259 801 (vel

134 817 167 882 in
184 813 322 900 syllabis
344 812 506 892 finalibus)
531 816 668 900 positam
692 822 724 882 et
745 817 890 884 vocalem
914 841 933 882 c
954 818 989 883 in
1012 818 1173 886 radicibus
1197 819 1261 888 dis·

132 915 255 980 crimen
277 931 349 980 esse
371 911 569 996 iaciendum
592 933 667 978 nam
691 933 762 978 cum
784 915 817 980 in
840 915 898 982 illa
920 916 1075 983 mutanda
1097 924 1162 984 tres
1184 918 1260 985 illae

132 1011 266 1078 dialecti
283 1010 493 1091 consentiant,
516 1010 562 1076 ita
577 1018 695 1092 tamen,
722 1019 756 1078 ut
770 1013 928 1082 Lesbiaca
942 1013 1101 1080 interdum
1116 1015 1261 1082 vocalem

134 1134 152 1174 o
180 1108 440 1176 terminationum
462 1108 614 1174 intactam
638 1108 813 1191 relinquat,
843 1118 954 1176 contra
975 1111 1124 1178 arcadica
1152 1120 1185 1179 et
1206 1133 1261 1198 cy-

133 1208 225 1291 prica
246 1213 302 1300 aut
323 1225 396 1270 raro
416 1213 472 1271 aut
487 1225 660 1288 numquam
683 1208 892 1275 mutationem
915 1207 957 1275 ad
979 1208 1103 1276 radices
1125 1215 1261 1276 transtu·

133 1306 251 1371 lerunt.
303 1301 455 1382 Quaestio
489 1303 584 1387 igitur
616 1304 680 1370 iam
714 1305 765 1373 bis
797 1305 913 1374 tinibus
944 1308 1096 1375 conclusa
1128 1314 1192 1389 est,
1227 1313 1261 1372 ut

132 1407 319 1485 quaeratur,
345 1400 467 1467 formae
488 1401 575 1483 illae,
600 1422 679 1484 quas
701 1403 760 1468 sub
783 1408 864 1469 nr.l
890 1404 1112 1471 coniunximus
1135 1410 1259 1483 (cumo

134 1500 257 1565 vocalis
289 1498 499 1564 offuscatione
531 1500 564 1565 in
596 1498 659 1567 fine
691 1501 943 1586 vocabulorum),
976 1509 1080 1568 utrum
1114 1502 1261 1568 dialectis

132 1596 268 1664 aeolicis
282 1596 346 1661 iam
369 1597 481 1680 primis
495 1598 692 1682 temporibus
706 1618 889 1666 communes
911 1598 1028 1665 fuerint
1042 1619 1155 1666 necne.
1192 1599 1262 1666 Hoc

133 1703 243 1761 autem
266 1693 326 1760 hac
347 1695 381 1760 in
404 1714 438 1761 re
460 1696 599 1778 reputari
622 1694 732 1762 debet:

225 1797 252 1858 1.
281 1791 447 1858 abstinent
474 1798 544 1858 tota
571 1792 630 1858 illa
652 1793 829 1860 mutatione
852 1793 983 1860 dialecti
1009 1793 1198 1860 boeotica
1227 1801 1260 1858 et

134 1889 383 1972 thessalica;
406 1892 557 1974 exempla
578 1891 680 1970 enirn,
703 1910 787 1973 quae
808 1890 902 1957 buius
923 1890 1051 1974 generis
1073 1890 1259 1972 afferuntur,

80 1979 84 1988 ¹
132 1994 191 2053 aut
212 1988 306 2054 nulla
326 1997 382 2052 aut
396 1986 482 2053 levia
495 1994 570 2054 sunt
592 1988 642 2065 (ci.
658 1988 788 2054 Gelblse
805 1987 901 2053 1119.
939 1987 1121 2055 Becrmann
1138 1989 1187 2053 IX
1198 1991 1261 2064 23).

136 2086 234 2152 Velut
262 2110 280 2149 υ
311 2104 369 2169 pro
400 2107 418 2148 o
446 2083 479 2162 in
509 2081 616 2168 ὄνυμα
642 2081 873 2167 (Ὠνύμαστος,
912 2081 1116 2172 ὥνούμηνεν)
1146 2085 1262 2152 doricis

132 2202 263 2268 quoque
287 2181 432 2248 dialectis
455 2200 622 2248 commune
644 2189 693 2248 est
722 2182 772 2259 (cl.
795 2183 922 2249 Ahrens
951 2184 983 2249 II
1008 2175 1079 2257 lael
1102 2190 1135 2249 et
1155 2202 1198 2250 ne
1219 2185 1261 2250 ab

136 2280 270 2348 Atthide
299 2278 427 2363 quidem
457 2279 609 2346 alienum.
661 2280 700 2346 ci.
728 2280 895 2364 νώνυμος,
924 2277 1113 2365 ἆνώνυμος;
1144 2280 1262 2350 deinde

133 2384 274 2466 γίνυμαι
305 2379 407 2444 boeot.
432 2377 483 2456 (ol.
507 2377 619 2444 Boekh
643 2379 836 2446 Monatsber.
860 2379 890 2444 d.
915 2379 950 2444 B.
974 2380 1030 2445 Ac.
1060 2379 1142 2446 Nov.
1169 2382 1261 2458 1857)

14 2519 17 2524 ·
135 2497 202 2543 non
232 2495 273 2542 ex
302 2472 466 2559 *γίνομαι
494 2474 551 2541 sed
579 2494 620 2540 ex
641 2473 851 2560 *γίν-νυμαι
874 2483 977 2542 ortum
1001 2482 1049 2542 est
1075 2476 1124 2551 (cl.
1148 2477 1262 2544 (larda.⁴

120 2579 223 2658 Ι175).
268 2572 360 2653 Quod
390 2572 529 2657 denique
558 2572 755 2640 Becrmanus
786 2574 895 2640 fuscae
923 2573 1114 2641 Boeotorum
1145 2597 1163 2638 o
1190 2595 1262 2658 pro-

136 2670 348 2738 nuntiationis
363 2677 553 2754 argumenta
567 2670 661 2737 affert
675 2669 857 2758 Σόμφορος
869 2693 876 2736 :
889 2667 1081 2756 Σύμφορος,
1095 2666 1241 2752 Ἀμότας
1255 2695 1262 2738 :

132 2763 313 2852 Ἀμύντας,
336 2769 407 2852 ipse
428 2789 494 2835 non
515 2769 643 2851 ignorat
664 2769 782 2836 similia
804 2768 951 2834 omnibus
973 2767 1039 2834 iere
1062 2768 1095 2833 in
1115 2766 1262 2835 dialectis

136 2867 281 2952 reperiri.
325 2867 373 2934 ci,
387 2867 567 2933 Becrmann
590 2866 640 2931 IX
661 2869 708 2931 19.

224 2963 318 3044 Quod
332 2984 403 3030 cum
425 2965 471 3030 ita
492 2966 542 3043 sit,
565 2983 687 3044 vereor,
710 2984 752 3031 nc
768 2963 882 3030 eodem
905 2963 999 3029 modo
1022 2969 1119 3045 atque
1140 2961 1174 3026 in
1196 2981 1223 3027 c.
1245 2967 1260 3026 1

137 3063 287 3130 boeotica
318 3061 473 3130 dialectus
500 3063 621 3142 obstet,
650 3061 819 3145 quominus
841 3063 1001 3128 communi
1025 3061 1136 3143 aliqua
1156 3066 1264 3127 aetate

138 3159 275 3227 Lesbios
297 3166 330 3225 et
352 3160 495 3228 Arcades
516 3159 550 3227 in
572 3161 662 3226 illam
684 3159 893 3226 mutationem
909 3158 1060 3243 delapsos
1081 3176 1153 3224 esse
1176 3164 1265 3241 puts·

138 3279 229 3339 mus,
260 3277 331 3323 cum
354 3259 598 3341 pracsertim
622 3277 670 3324 ne
692 3256 917 3322 Dorienses
947 3256 1104 3339 quidem
1127 3274 1263 3320 omncs

138 3383 157 3422 c
179 3375 250 3440 pro
273 3379 291 3419 o
313 3356 470 3439 ignorent.

226 3457 257 3518 2.
291 3453 402 3536 Nuper
437 3454 522 3520 enim
555 3449 798 3535 Siegismundus
831 3469 940 3516 corum
971 3449 1149 3528 titulorum,
1184 3466 1263 3529 quos

140 3550 377 3620 Hirschfeldius
398 3551 458 3618 iter
481 3570 540 3635 per
561 3548 786 3633 Pamphyliam
809 3547 930 3614 iaciens
952 3546 1082 3630 collegit
1104 3543 1264 3622 (Berichte

52 3687 55 3692 ·
139 3649 172 3716 d.
190 3651 247 3715 Ac.
265 3647 295 3714 d.
307 3650 357 3715 W.
382 3649 466 3716 Berl.
485 3651 576 3731 1874,
595 3650 700 3728 1875),
723 3645 862 3728 quinque
883 3647 917 3710 in
938 3645 1018 3711 urbe
1039 3641 1193 3726 Aspendo
1214 3660 1264 3708 re-

140 3754 251 3830 pertus
262 3746 297 3811 in
308 3747 469 3830 publicam
483 3747 555 3813 tulit
566 3746 740 3812 notionem.
768 3742 838 3808 Iam
850 3761 926 3810 vero
938 3738 1175 3825 Aspendiorum
1186 3739 1264 3806 urbs

141 3881 183 3892 -
206 3863 318 3911 verum
340 3844 517 3910 incolarum
539 3861 656 3910 nomen
679 3842 738 3908 fuit
756 3837 954 3925 baraserjoi
976 3860 1008 3922 p.
1028 3841 1068 3903 93
1091 3871 1133 3888 —-
1155 3833 1265 3902 dorica

140 3943 216 4026 fula
240 3961 316 4008 nam
332 3947 364 4008 et
380 3941 494 4008 Strabo
510 3939 589 4007 XlV
612 3959 643 4023 p.
658 3944 738 4006 6670
751 3939 939 4025 Aspendum
954 3936 1145 4020 Argivorum
1166 3933 1265 4002 fuisse
1296 3993 1300 4009 ,

140 4040 303 4107 coloniam
336 4038 434 4106 tradit
470 4046 503 4106 et
536 4039 691 4120 reliquiae
729 4035 857 4104 dialecti
890 4035 981 4120 ipsae
1014 4032 1153 4100 doricam
1188 4051 1265 4116 prae
