2916 4872
235 400 295 465 120
313 453 317 458 .
503 413 505 420 ’
730 398 863 454 Bauneck

231 591 322 640 cesse
344 577 393 638 est
413 591 546 655 graecas
573 571 692 638 termas
714 571 755 636 ab
777 569 894 638 italicis
917 569 1137 654 seiungamus,
1167 589 1339 653 quamquam

233 671 341 755 stirpis
364 670 542 735 communio
565 690 629 735 non
653 667 842 735 excluditur.

693 907 896 916 Μ

234 1073 294 1144 xl:
338 1075 864 1159 Collignnturaepeculiaria
893 1074 1089 1158 quaedam
1120 1075 1345 1159 inscriptio¹

234 1196 321 1242 num
345 1174 656 1255 megaricorum,
684 1174 935 1256 argivorum,
965 1172 1272 1268 messeniarum,
1294 1193 1349 1238 ar·

679 1270 921 1336 cadicarum.

320 1405 431 1471 Edidit
467 1406 526 1471 has
562 1405 786 1490 inscriptiones
820 1407 1005 1472 Foucartius
1035 1381 1076 1470 ‘in
1111 1405 1194 1471 libro
1228 1406 1278 1489 qui
1308 1406 1348 1468 in·

237 1504 398 1571 scribitur:

390 1613 458 1691 ,Le
486 1613 549 1700 Bas
578 1618 609 1679 et
632 1611 868 1694 Waddington,
899 1633 1025 1697 voyage
1053 1613 1297 1696 arebeologique
1317 1590 1373 1678 en

389 1710 492 1778 Grece
514 1717 547 1777 et
568 1709 617 1777 en'
631 1711 709 1777 Asie
730 1709 883 1776 Mineure.
924 1711 1126 1795 Explication
1152 1711 1210 1777 des
1231 1710 1352 1794 inscrip-

389 1809 474 1875 tions
497 1827 652 1892 grecques
682 1814 714 1874 et
742 1806 891 1873 latinos.“
935 1808 1112 1876 Dsuxieme
1140 1809 1260 1894 partie:
1295 1809 1352 1872 Me

389 1901 503 1990 garidc
526 1914 557 1972 et
578 1906 812 1989 Peloponneso.
1154 1900 1157 1906 ’

235 2021 357 2088 Multae
391 2027 425 2086 et
456 2022 534 2086 satis
568 2020 793 2085 memorabiles
825 2021 988 2087 civitatum
1021 2021 1354 2104 peloponnesiacarum

236 2117 476 2202 inscriptiones,
500 2118 615 2202 partim
638 2117 886 2200 antiquioribus,
909 2118 1005 2184 immo
1029 2117 1188 2202 quaedam
1212 2117 1356 2200 antiquis·

237 2216 343 2296 simis,
376 2214 492 2298 partim
525 2215 753 2282 recentioribus
783 2216 977 2299 temporibus
1007 2215 1203 2300 insculptae,
1239 2216 1271 2281 in
1301 2213 1357 2279 hac

237 2313 365 2398 sylloge
386 2318 442 2377 ant
470 2317 559 2377 textu
582 2313 752 2379 emendato
781 2313 893 2378 iterum
924 2312 1061 2379 eduntur
1088 2319 1144 2378 aut
1171 2313 1306 2396 primum
1326 2312 1356 2376 in

238 2411 378 2478 medium
406 2408 608 2494 proferuntur
630 2418 725 2492 atque
753 2411 989 2476 commentariis
1011 2411 1131 2477 additis
1154 2411 1356 2477 illustrantur.

237 2511 343 2593 Atque
364 2507 562 2590 intellegitur
583 2528 624 2573 ex
646 2508 708 2589 eis,
738 2507 815 2574 inde
839 2507 881 2573 ab
910 2509 1002 2574 tertio
1025 2511 1153 2577 saeculo
1176 2515 1255 2574 ante
1277 2507 1357 2574 (ibri-

237 2616 320 2674 stum
344 2611 455 2674 natum
483 2606 601 2670 sensim
624 2612 698 2674 tota
720 2605 943 2688 Peloponneso
965 2607 1131 2688 vulgarem
1155 2606 1307 2672 Doridem
1327 2597 1366 2669 in

236 2725 329 2772 usum
351 2704 496 2784 venisse,
519 2704 566 2768 ita
587 2710 711 2785 tamen,
737 2709 772 2768 ut
793 2703 867 2784 illa,
892 2723 975 2786 quae
996 2705 1127 2788 propria
1149 2711 1243 2769 erant
1266 2703 1357 2768 diale

238 2811 358 2869 ctorum
382 2801 592 2884 singularum,
616 2802 805 2884 plerumque
827 2800 955 2882 quidem
979 2809 1224 2883 evanescerent,
1252 2801 1358 2867 sedin

238 2899 349 2983 paucis
371 2895 561 2980 quibusdam
583 2898 678 2962 rebus
701 2917 741 2963 ex
763 2898 887 2980 vulgari
911 2898 1048 2981 Doride,
1072 2917 1168 2981 quam
1191 2898 1234 2964 ad
1258 2900 1359 2965 inscri-

239 2998 366 3081 ptiones
382 2992 595 3060 conficiendas
610 2994 835 3076 adhibuerunt,
852 2995 942 3077 quasi
957 2996 1164 3079 pollucerent‚
1182 3016 1256 3060 cum
1273 2997 1358 3081 plebs

240 3093 359 3158 diutius
381 3091 414 3155 in
436 3093 589 3157 maiorum
611 3091 723 3175 lingua
744 3099 974 3175 perseveraret.
1011 3093 1204 3159 Laconicam
1227 3095 1360 3160 maxime

240 3189 413 3257 dialectum
434 3208 535 3271 usque
556 3188 598 3254 ad
619 3189 838 3257 recentissima
853 3197 997 3273 tempora
1018 3192 1235 3274 permansisse
1257 3195 1361 3276 itaque

235 3286 363 3372 antiqui
385 3292 417 3352 ct
438 3286 553 3354 sinceri
575 3288 729 3353 sermonis
755 3288 890 3353 laconici
913 3288 1065 3370 reliquias
1088 3289 1245 3370 quasdam
1270 3291 1360 3356 etiam

118 3380 125 3390 '
238 3388 273 3452 in
301 3385 434 3451 ultimae
462 3384 646 3466 graecitatis
675 3385 934 3468 inscriptionibus
963 3391 1107 3451 servatas
1136 3405 1223 3467 esse,
1259 3379 1361 3470 quam·

240 3505 335 3569 quam
369 3482 516 3549 Dorismo
552 3481 677 3564 vulgari
710 3483 855 3547 Lacones
890 3482 1019 3566 publice
1051 3483 1233 3564 utebantur,
1270 3485 1361 3550 certis

240 3581 431 3666 quibusdam
453 3579 649 3662 argumentis
671 3585 776 3663 potest
798 3578 1020 3646 demonstrari.
1063 3579 1236 3646 Simillima
1259 3588 1360 3648 autem

240 3681 321 3746 ratio
344 3680 378 3745 in
400 3677 519 3761 argivis
541 3676 801 3760 inscriptionibus
824 3678 972 3744 cernitur.

327 3898 352 3960 Ι.
405 3897 591 3963 Foucartius
626 3895 750 3962 initium
789 3897 875 3980 capit
910 3897 952 3964 ab
988 3897 1250 3993 inscriptionibus
1291 3917 1362 3966 mo·

242 3993 394 4077 garicis
418 4002 480 4070 tuo.
506 3997 618 4077 1-88,
649 4016 680 4078 p.
708 3995 832 4071 1-42).
