2978 4872
501 463 622 520 Sohedae
639 465 835 534 grammaticae.
1192 463 1232 525 63

104 697 145 764 ΙΙ.
190 698 250 765 De
271 697 432 782 graeois
462 697 772 782 pronominibus
799 695 1053 782 possessivis
1076 716 1233 763 eorum·

250 814 328 879 que
349 795 536 862 ablativo
558 795 746 879 genetivi
768 795 855 862 looo
878 801 1085 879 usurpato.

130 989 132 994 ,
188 931 281 998 Inter
308 931 436 1014 linguas
464 931 743 1015 indogermanieas
772 937 859 998 oerte
886 932 978 998 nulla
1003 930 1098 1014 plura
1118 949 1232 1013 prono-

103 1028 190 1094 mina
219 1029 407 1112 possessiva
428 1047 524 1112 quam
553 1029 710 1096 sanserita
734 1029 923 1113 proereavit.
967 1027 1032 1096 Sed
1055 1027 1088 1093 in
1110 1026 1232 1093 vediois

103 1126 232 1210 hymnis
263 1145 304 1192 ea
331 1127 425 1210 eopia
453 1124 595 1194 nondum
625 1133 740 1194 exstat.
784 1127 823 1192 In
851 1128 998 1211 Rigveda
1027 1125 1112 1192 euim
1141 1124 1233 1190 nulla

102 1225 165 1290 alia
194 1223 391 1308 pronomina
418 1225 602 1308 possessiva
627 1244 723 1307 quam
746 1214 906 1300 mimate,
937 1223 1063 1299 tdooda,
1095 1220 1232 1296 armabo,

100 1320 279 1406 parmata
301 1327 333 1387 et
355 1322 388 1386 in
413 1322 598 1389 Samaveda
619 1323 722 1388 solum
744 1322 888 1386 admotu
916 1322 1131 1404 inveniuntur,
1160 1340 1230 1387 eum

101 1419 262 1485 sanserita
289 1418 402 1502 lingua
423 1421 574 1501 classica,
605 1439 688 1502 quae
708 1429 850 1504 voeatur,
879 1429 956 1504 quot
976 1423 1050 1486 suut
1073 1418 1231 1502 pronomi-

102 1537 176 1582 num
199 1516 421 1600 personalium
444 1537 618 1601 personae,
647 1524 695 1585 tot
717 1525 749 1585 et
775 1537 896 1602 genera
919 1525 951 1586 et
972 1519 1093 1584 olasses
1119 1535 1234 1600 prono·

101 1614 222 1679 minum
246 1615 502 1697 possessivorum
525 1617 595 1682 sola
621 1635 679 1700 per
701 1635 773 1683 sese
795 1616 966 1697 ereaverit,
997 1615 1167 1698 equibus,
1199 1619 1233 1679 ut

103 1712 290 1796 exemplum
305 1711 447 1794 afferam,
471 1732 629 1797 personae
644 1712 767 1803 primae
784 1715 882 1782 series
897 1713 978 1780 haee
993 1721 1054 1780 est:
1079 1710 1231 1782 mimula,

102 1809 299 1883 mamaleina,
325 1808 461 1895 madiya.
507 1811 630 1878 Eodem
653 1817 760 1877 autem
781 1810 878 1878 modo
900 1811 1044 1893 reliquae
1074 1826 1233 1892 personae

102 1914 133 1972 et
153 1906 333 1990 singularis
356 1915 388 1974 et
409 1908 543 1992 pluralis
564 1911 686 1976 numeri
702 1907 825 1974 similes
840 1908 994 1974 exhibent
1015 1907 1143 1974 formas.
1177 1905 1233 1971 At·

102 2005 153 2087 qui
175 2003 334 2070 indorum
357 2005 488 2088 linguae
509 2007 631 2073 formae
654 2006 830 2072 nonnullae
852 2024 893 2070 ex
915 2005 989 2072 aliis
1011 2005 1131 2088 linguis
1153 2005 1231 2070 satis

101 2110 197 2169 notae
224 2109 256 2168 et
278 2110 410 2186 apertae
433 2102 550 2169 desunt
571 2104 635 2185 vel,
659 2111 693 2169 ut
708 2104 823 2169 reetius
846 2102 960 2186 dinam,
986 2101 1099 2172 deesse
1121 2102 1233 2168 viden·

101 2207 159 2282 tur,
179 2220 319 2284 quarum
334 2199 505 2265 formarum
522 2201 660 2284 vestigia
675 2206 708 2267 et
722 2201 905 2267 testimonia
920 2202 1072 2284 elinguis
1087 2201 1232 2284 cognatis

100 2317 185 2364 nuno
210 2297 410 2380 eolligemus.
455 2293 536 2363 Diuo
560 2304 666 2365 autem
697 2298 848 2364 formas
871 2299 1065 2381 quasdam
1088 2319 1232 2384 prono-

101 2396 252 2460 minum
285 2395 616 2477 possessivorum
649 2395 803 2480 primae
836 2402 874 2462 et
904 2398 1109 2464 seeundae
1142 2417 1231 2481 per·

100 2512 239 2559 sonae.

185 2592 228 2656 In
270 2589 412 2672 lingua
451 2589 656 2656 sanserita
692 2609 914 2673 pronomen
952 2590 1230 2672 possessivum

100 2688 261 2771 primae
290 2705 493 2770 personae
522 2703 663 2751 mama·
696 2686 810 2767 inisse,
849 2692 985 2768 quatuor
1014 2694 1087 2752 sunt
1117 2688 1232 2771 quibus

8 2839 9 2850 ,
100 2786 179 2850 mihi
204 2785 359 2868 probatur
379 2789 584 2866 argumenta:

190 2889 222 2959 1)
250 2882 294 2948 Ut
309 2880 442 2946 devolsa·
458 2901 478 2946 a
493 2879 628 2965 simplioi
651 2900 730 2947 vooe
752 2881 854 2956 dero,
878 2880 992 2944 aloto·
1016 2880 1057 2946 ab
1080 2877 1153 2942 elra-
1176 2879 1230 2946 de-

101 2979 238 3062 seendit,
261 2979 307 3046 ita
329 2969 485 3043 mimalia·
514 2978 556 3046 ad
585 2979 762 3046 breviorem
785 2979 918 3063 stirpem
946 2998 1064 3042 mama·
1093 2977 1231 3044 releren-

102 3077 177 3143 dum
208 3077 345 3160 videtur,
381 3097 476 3161 qnam
509 3095 612 3159 aequa
640 3085 736 3160 atque
764 3075 838 3142 illas
868 3078 970 3151 droa,
1008 3075 1083 3139 eho·
1114 3075 1230 3158 stirpes

101 3175 266 3258 quondam
290 3174 482 3242 declinatam
512 3193 583 3241 esse
612 3175 807 3241 contendere
827 3174 922 3240 nobis
947 3175 1030 3240 lieet.
1075 3175 1118 3238 At
1139 3171 1231 3238 dubi·

100 3273 219 3340 taverit
248 3273 319 3354 quis
342 3272 383 3340 de
405 3293 445 3340 ea
466 3273 681 3356 explicatione
702 3273 749 3337 ita
768 3272 859 3338 utin
887 3273 990 3338 vocali
1019 3270 1143 3354 primae
1165 3270 1230 3354 syl-

100 3371 197 3437 labae
227 3369 326 3452 lo'nga
353 3371 495 3437 haereat.
545 3371 644 3436 Istam
681 3377 789 3436 tamen
822 3371 968 3437 votalem
1000 3368 1228 3453 posterioribus

103 3466 233 3534 demum
261 3467 392 3550 linguae
424 3469 600 3535 sanseritae
628 3468 825 3552 temporibus
862 3486 932 3536 esse
965 3467 1152 3551 produetam
1182 3471 1228 3532 te·
1324 3475 1326 3480 ‘

102 3570 229 3632 stantur
262 3570 294 3630 et
323 3565 492 3645 mamete,
530 3565 615 3648 quod
651 3561 751 3632 etiam¹
778 3565 945 3648 Rigvedae
978 3563 1089 3648 hymni
1126 3582 1227 3628 asser·

102 3681 236 3744 vavere,
267 3668 298 3729 et
324 3663 410 3729 aliae
438 3662 559 3730 formae
580 3664 676 3729 simili
699 3662 793 3729 modo
816 3662 923 3745 fietae,
952 3662 998 3728 uti
1027 3659 1162 3742 onpata-
1184 3661 1225 3726 ab

103 3765 197 3842 napa·
223 3759 411 3826 derivatum.

187 3859 220 3934 2)
250 3856 328 3923 (ium
351 3878 393 3925 ex
414 3857 544 3941 linguae
566 3858 740 3924 sanseritae
763 3857 888 3940 legibus
903 3858 1062 3924 voeabula
1083 3857 1224 3924 deod-in·

104 3960 198 4036 atque
220 3953 382 4019 deod-roo·
397 3975 417 4021 a
433 3975 511 4023 voee
532 3955 625 4018 deoa—
647 3955 802 4021 formatae
824 3955 897 4035 sint,
920 3954 1015 4022 faeile
1036 3955 1098 4022 hae
1117 3957 1226 4022 simili-

102 4050 212 4118 tudine
233 4051 431 4135 adducimur,
460 4060 496 4118 ut
516 4053 549 4118 in
572 4053 703 4119 vocibus
725 4053 846 4120 vediois
868 4053 1034 4118 moad-ta·
1056 4061 1087 4120 et
1109 4054 1225 4118 mumd-
