2968 4866
248 487 310 548 260
743 485 877 542 Schrader

247 663 282 727 in
303 681 337 726 re
360 657 583 745 cognoscenda
605 677 675 723 cum
698 667 842 724 veterum
859 659 899 724 de
920 660 1027 742 graeci
1044 659 1201 725 sermonis
1218 659 1373 726 divisione

248 758 473 826 traditionibus
489 755 564 839 quid
587 756 620 820 in
643 757 722 840 ipsis
745 756 892 823 dialectis
914 763 970 822 aut
984 756 1133 823 concinat
1149 762 1205 822 aut
1219 767 1374 841 repugnet

248 856 421 941 diligenter
442 854 671 939 quaerendum,
695 860 781 921 certe
803 874 937 920 severae
958 853 1005 944 illi
1028 862 1061 920 'et
1083 873 1180 920 verae
1195 854 1373 922 disserendi

247 955 381 1036 rationi,
411 954 532 1038 quippe
561 972 644 1035 quae
670 951 704 1017 in
733 952 784 1018 his
812 953 952 1019 maxime
980 950 1223 1035 quaestionibus
1252 953 1374 1018 levitati

248 1071 346 1137 saepe
369 1057 401 1118 et
423 1049 549 1117 libidini
572 1049 676 1130 cessit,
698 1049 816 1132 ubique
838 1050 898 1115 erit
919 1048 1165 1138 oboediendum.

333 1147 546 1229 Quaestiones
573 1147 671 1232 igitur
694 1146 959 1232 dialectologicae
987 1154 1019 1213 et
1046 1148 1168 1214 multae
1198 1154 1232 1214 61
1260 1168 1373 1231 graves

247 1253 331 1313 suut.
370 1247 541 1329 Postquam
558 1252 664 1310 autem
679 1244 857 1310 Ahrensius
872 1246 1038 1330 praeclaro
1055 1246 1095 1312 de
1111 1246 1260 1312 dialectis
1280 1266 1373 1330 opere

248 1344 366 1428 scripto
388 1344 486 1410 totius
511 1343 579 1409 fere
601 1342 708 1426 graeci
731 1344 887 1408 sermonis
908 1344 1083 1411 varietates
1105 1344 1294 1428 complecti,
1324 1344 1373 1410 de-

248 1441 402 1521 scribere,
426 1440 597 1524 disponere
619 1446 752 1507 conatus
775 1447 835 1523 est,
858 1441 1069 1507 recentiorum
1092 1440 1199 1507 studia
1220 1461 1372 1506 novorum

248 1539 412 1605 titulorum
441 1538 534 1622 eopia
555 1538 667 1603 adiuta
689 1539 792 1621 magis
814 1539 847 1603 in
870 1539 1005 1622 singulis
1028 1539 1175 1606 dialectis
1197 1540 1372 1605 accuratius

249 1635 463 1722 depingendis
492 1656 587 1719 quam
623 1635 657 1699 in
690 1635 930 1719 quaestionibus
966 1656 1008 1703 ex
1040 1637 1198 1703 universis
1231 1637 1372 1721 repetitis
1464 1695 1465 1706 ,

249 1743 405 1820 occupata
437 1733 573 1800 luerunt.
617 1733 692 1798 Tali
724 1732 820 1798 modo
853 1733 943 1799 brevi
975 1741 1120 1819 tempore
1152 1741 1246 1801 tanta
1278 1736 1372 1801 series
1464 1773 1465 1808 r

246 1834 430 1899 libellorum
453 1830 494 1897 (16
517 1829 663 1897 dialectis
685 1831 872 1914 scriptorum
902 1838 971 1897 orta
994 1839 1057 1914 est,
1087 1839 1123 1896 61
1145 1831 1209 1896 iam
1233 1833 1289 1897 vix
1310 1833 1372 1898 ulla

247 1930 383 1996 alieuius
412 1929 567 1994 momenti
596 1927 754 1994 dialectus
788 1929 919 2012 propria
952 1936 1048 2013 atque
1079 1929 1235 2013 peculiari
1269 1938 1371 1995 careat
1464 1951 1465 1954 ¹

249 2026 475 2110 descriptione.
524 2025 593 2090 Hoc
623 2025 719 2108 igitur
751 2025 847 2091 modo
880 2025 1096 2092 fundamentis
1129 2027 1222 2092 iactis
1254 2027 1370 2110 sperari

249 2123 324 2189 lieet
347 2122 442 2190 etde
464 2123 599 2188 historia
619 2142 755 2205 graecae
776 2125 907 2207 linguae
930 2129 962 2190 et
985 2124 1025 2190 de
1047 2124 1258 2190 dialectorum
1280 2133 1370 2208 atque

248 2221 392 2304 gentium
415 2221 499 2286 inter
520 2239 556 2285 se
578 2219 765 2285 condicione
787 2241 862 2285 mox
885 2219 1001 2287 certius
1022 2242 1118 2306 posse
1139 2221 1285 2287 iudicari.

335 2317 385 2382 Ad
414 2318 480 2384 tale
509 2337 590 2401 opus
614 2333 722 2401 ¹pauca
751 2319 982 2401 compositurus
1012 2319 1071 2384 has
1094 2318 1135 2383 de
1164 2321 1288 2402 graecis
1309 2320 1370 2384 dia·

249 2415 341 2482 lectis
364 2415 567 2498 quaestiones
588 2415 721 2498 institui,
745 2436 908 2499 quarum
929 2417 970 2481 in
992 2422 1108 2499 parte
1129 2417 1146 2480 Ι
1169 2416 1216 2483 (16
1238 2418 1367 2483 (66611

248 2540 269 2602 η
294 2514 567 2580 dialectorum
595 2514 972 2580 aeolo-doricarum
1002 2521 1212 2582 exuetere
1235 2520 1369 2582 onata

247 2633 374 2697 agere
395 2611 492 2676 mihi
514 2619 575 2678 est
597 2612 862 2696 propositum.

334 2713 401 2780 Sed
423 2717 596 2795 antequam
617 2713 660 2778 ad
681 2712 852 2798 idipsum,
877 2712 917 2779 de
939 2732 1001 2795 quo
1025 2711 1139 2778 dicturi
1161 2734 1280 2797 sumus,
1305 2733 1366 2798 per·

250 2812 414 2892 venimus,
444 2818 478 2876 61
507 2811 603 2877 totius
632 2810 858 2894 disputationis
886 2811 942 2876 via
969 2813 1228 2895 praemuniatur,
1258 2831 1367 2896 paucas
1463 2829 1464 2850 ³

248 2907 453 2990 quaestiones
476 2914 613 2974 tractare
634 2907 759 2990 licebit3
782 2927 846 2992 qua
866 2907 899 2971 in
922 2926 966 2990 re,
990 2909 1016 2973 si
1031 2908 1193 2974 interdum
1207 2910 1251 2975 ad
1267 2910 1366 2994 paullo
1463 2911 1464 2926 ¹

250 3003 423 3069 remotiora
451 3004 618 3071 aberrasse
641 3003 769 3086 videar,
800 3003 861 3070 hoc
889 3005 1029 3072 libenter
1054 3006 1132 3071 mihi
1161 3006 1365 3073 condonatum

248 3100 288 3166 iri
310 3119 414 3182 spero.
1055 3106 1063 3133 ²

776 3240 849 3318 §L

236 3461 253 3474 ⁰
337 3371 443 3452 Atque
464 3369 525 3436 boc
546 3370 684 3454 primum
705 3378 830 3439 constat
857 3373 973 3438 nulla
996 3393 1038 3440 re
1061 3373 1218 3442 dialectos
1240 3375 1362 3440 ionicam

248 3474 283 3535 et
304 3467 436 3532 atticam
459 3469 601 3550 apertius
622 3469 664 3534 ab
686 3469 911 3536 aeolo-doricis
934 3470 1090 3555 distingui
1112 3493 1208 3555 quam
1233 3472 1363 3555 frequen·

248 3567 330 3631 tiore
352 3590 372 3652 η
396 3564 517 3632 vocalis
539 3585 597 3649 pro
621 3570 743 3658 dusu3
772 3586 876 3650 neque
897 3574 1006 3635 tammr
1028 3588 1079 3635 res
1100 3570 1148 3634 ita
1169 3590 1243 3636 sese
1269 3569 1361 3643 habet,

249 3669 285 3728 ut
307 3662 418 3729 Aeolis
440 3668 473 3728 61
494 3663 589 3728 Doris
618 3665 748 3730 omnino
775 3664 835 3729 illa
862 3666 1039 3732 mutatione
1065 3665 1268 3751 abstineant;
1296 3667 1362 3730 haec
1462 3709 1463 3726 2

250 3758 352 3840 enim,
382 3779 424 3826 ne
451 3759 578 3842 longior
599 3761 677 3841 sim,
709 3760 918 3827 dialectorum
940 3762 1057 3829 bacin
1079 3782 1114 3829 re
1136 3763 1281 3830 condicio
1301 3779 1361 3828 cou-

250 3855 399 3938 spicitur:
1132 3916 1136 3922 .

371 3964 398 4030 I.
428 3964 757 4035 Aeolo-doricae
789 3968 919 4035 dialecti
946 3970 1091 4036 vocalem
1120 3974 1142 4033 ᾶ
1173 3969 1358 4043 conservant,
1462 4005 1463 4022 1

426 4081 535 4149 raros]
552 4063 721 4150 exhibeut3
745 4085 772 4132 e.
788 4086 835 4149 gr.
850 4065 972 4154 πατήρ,
996 4068 1141 4154 λέγηται,
1162 4065 1225 4154 εἴη,
1240 4070 1355 4149 τίθημι·

1005 4197 1006 4200 ,
1186 4170 1208 4218 ο
