2986 4864
430 433 441 452 κ
471 407 513 464 De
531 408 669 464 Alemanis
686 413 782 478 poetae
799 409 923 464 dialecto.
1071 439 1075 448 ‹
1201 407 1263 469 367-

136 581 313 648 Dorienses
334 581 368 646 in
391 580 495 664 prima
516 599 599 664 pers.
623 581 704 664 plur.
727 586 789 647 aet.
811 581 989 647 verborum.
1027 579 1123 664 Apud
1140 583 1266 648 Alema·

137 700 212 747 nem
244 675 496 763 παρήοομις
525 697 556 761 p.
583 682 610 742 1.
636 682 684 742 12.
714 713 755 724 -
783 703 800 742 ν
824 678 1073 762 epheloystieum
1098 679 1192 744 Doris
1215 698 1263 746 re-

138 778 254 860 pudiat
274 776 308 840 in
331 775 425 840 tertia
447 793 530 858 pers.
546 776 716 841 verborum
738 775 771 840 16
787 799 856 839 -νιι
879 783 1032 842 exeunte:
1057 772 1263 854 αἰνέυννι,

139 872 228 940 ἕντι
256 873 294 938 lr.
318 876 368 937 66.
419 871 483 938 Sed
512 872 685 938 instruetne
713 881 788 938 sunt
820 873 1014 956 paragogioa
1043 874 1150 954 litera,
1181 891 1264 955 quae

81 1017 84 1022 -
137 972 289 1054 vulgares
310 970 433 1034 formae
454 969 655 1052 reperiuntur
677 967 850 1050 ἔχουσιν
873 969 909 1036 ir.
934 974 974 1036 34
1003 977 1035 1036 66
1064 965 1107 1035 611
1117 969 1264 1059 ὁουοιν
1386 1009 1388 1013 ,

129 1071 174 1134 16.
200 1074 250 1150 60,
280 1087 376 1152 quam
399 1071 533 1133 metrum
557 1067 637 1132 tueri
660 1067 796 1134 videtur.
840 1067 879 1133 ln
903 1068 1011 1134 dativo
1034 1067 1152 1150 plurali
1175 1069 1265 1132 Dori-

139 1167 271 1232 ensibns
300 1184 426 1248 qnoque
454 1189 471 1228 ν
501 1166 689 1248 permissum
720 1174 803 1248 erat,
834 1166 942 1250 itaque
970 1186 1034 1231 non
1062 1165 1265 1230 aLaoonioa

139 1265 279 1330 (11616066
308 1263 416 1328 aliena
437 1269 512 1328 suni
533 1259 713 1327 θιάσοισιν
744 1271 776 1330 66
806 1261 1064 1346 δαιτυμόνεσσιν
1086 1262 1124 1326 fr.
1149 1265 1199 1326 24.
1222 1296 1265 1310 -

139 1361 268 1428 Deinde
295 1359 329 1425 in
358 1361 418 1424 boo
440 1378 515 1424 oasu
539 1359 698 1442 antiquior
720 1361 815 1427 Doris
837 1369 966 1444 praeter
989 1361 1138 1443 vulgares
1160 1359 1266 1425 termi-

139 1459 290 1524 nationes
313 1481 385 1534 -αις
409 1463 441 1522 66
463 1479 534 1532 -οις
564 1457 659 1524 etiam
689 1458 849 1540 pleniores
871 1459 989 1524 formas
1011 1480 1102 1523 -αισι
1124 1463 1156 1523 66
1177 1477 1266 1522 *οισι

138 1555 310 1622 admisisse
332 1553 467 1623 videtur.
512 1554 676 1636 Leguntur
698 1555 792 1621 haee:
817 1559 955 1640 φοίναις
970 1556 1006 1621 ir.
1024 1559 1074 1632 24,
1098 1565 1265 1639 κορυφαῖς

139 1654 176 1718 ir.
194 1657 246 1732 34,
271 1651 495 1732 νιελλχναιςῙτ.
513 1655 570 1735 74;
593 1649 794 1734 καρχάραισι
817 1664 947 1737 φωναῖς
969 1653 1006 1717 fr.
1025 1657 1084 1715 140
1108 1652 1165 1722 (sio
1180 1658 1265 1717 reete

140 1751 266 1834 Bergk,
301 1749 468 1831 legebatur
501 1747 735 1832 καρχάρεσσι),
770 1748 878 1834 ῥοαῖσ.
912 1769 943 1832 p.
972 1750 1021 1813 Ill
1049 1752 1089 1812 32
1122 1751 1264 1828 (o-o);

139 1847 282 1922 πολλοῖς
315 1846 350 1910 ir.
377 1849 431 1924 13,
467 1857 569 1931 σφοῖς
603 1840 820 1930 &detectura
852 1847 888 1912 fr.
916 1851 973 1926 56,
1006 1842 1131 1921 πάλαις
1165 1844 1201 1910 fr.
1225 1847 1265 1908 69
1377 1922 1379 1927 ,

140 1944 270 2024 (Blomf.
293 1941 445 2020 νιολούς),
475 1948 594 2009 θεοῖσι
617 1949 698 2024 1-6,
721 1943 823 2010 66666
845 1947 958 2022 θεοῖς)
979 1944 1016 2008 fr.
1040 1948 1096 2025 34,
1126 1939 1266 2007 θιάσοι-

116 2115 121 2126 ¹
140 2065 195 2108 σιν
220 2042 257 2107 ir.
274 2044 325 2119 24,
349 2037 654 2123 pertinaciter),
678 2039 772 2124 παρὰ
795 2053 955 2127 σοφοῖσιν
977 2041 1014 2106 ir.
1039 2043 1078 2104 25
1101 2040 1265 2106 incertum.

228 2141 448 2222 Apooopen
478 2139 642 2222 patiuntur
672 2139 706 2204 in
730 2139 850 2206 Doride
879 2139 1134 2224 praepositiones
1162 2133 1265 2220 παρά,

140 2235 216 2315 ἀνά,
240 2233 335 2313 κατά,
359 2239 449 2314 nort,
473 2257 568 2319 qnam
585 2238 732 2304 Alemani
747 2256 987 2320 nonnumquam
1009 2235 1193 2303 tribuebant
1206 2233 1267 2298 viri

140 2336 227 2402 dooti
242 2340 354 2400 eontra
375 2333 526 2398 librorum
543 2336 780 2401 auotoritatem:
804 2331 947 2418 aelp'rt'
966 2333 1056 2418 ἱερὸν
1072 2335 1266 2402 Buttmanno

139 2438 316 2518 praeeunte
345 2431 540 2515 seripserunt
569 2432 708 2499 editores
736 2433 773 2496 ir.
786 2436 837 2524 ¹116
867 2429 1124 2516 (6661666666
1153 2428 1267 2513 ἱερὸν).

140 2530 266 2596 Ibidem
291 2527 392 2594 Cobet
421 2526 491 2611 πάρ
513 2553 549 2595 aa
576 2527 671 2613 Ψύρα
698 2529 870 2612 legendum
895 2547 965 2595 6666
988 2528 1125 2611 eonjeoit
1150 2527 1267 2604 (oodex

141 2624 236 2713 παρά
264 2650 301 2692 τε
329 2621 423 2709 Ψύρα
453 2632 486 2691 66
512 2627 557 2692 616
586 2627 706 2710 Bergk)
736 2634 768 2694 et
796 2627 833 2692 ir.
857 2629 897 2690 24
925 2624 996 2708 πὰρ
1027 2623 1268 2705 δαιτυμόνεσσι

79 2785 89 2803 ,
142 2725 267 2806 (sodex,
292 2723 400 2806 Bergk
416 2722 532 2806 παρὰ),
555 2725 669 2807 quibus
692 2723 921 2789 mutationibus
943 2721 1198 2808 oyelioi'daotyli
1221 2740 1268 2786 re·

142 2824 321 2892 tardantur.
359 2820 452 2905 παρὰ
476 2833 635 2906 σοφοῖσιν
658 2824 694 2888 ir.
712 2826 752 2887 25
774 2823 928 2888 ineertum
952 2827 1001 2886 est
1023 2825 1054 2886 et
1076 2817 1267 2902 oonJ‘eeturis

142 2927 311 2988 tentatum.
343 2919 478 2985 Duriore
493 2937 637 3003 apocope
652 2920 767 2986 affecta
784 2927 831 2986 est
852 2938 917 2984 vox
939 2921 1150 3012 nepotulos
1172 2917 1208 2980 tr.
1226 2918 1266 2980 38
1382 2945 1384 2950 ·

143 3018 226 3092 (eod.
250 3021 442 3100 καββαλνων
464 3023 575 3083 eontra
596 3021 759 3098 metrum),
791 3036 926 3099 quaeum
948 3015 1094 3081 oonleras
1117 3013 1269 3098 Besyobii

142 3117 284 3200 glossam
307 3112 448 3196 soiperus,
478 3111 667 3200 κατάβηθι,
699 3135 781 3198 quae
809 3121 858 3180 666
879 3114 1056 3196 Lemniae,
1085 3132 1148 3196 qua
1172 3112 1212 3176 de
1233 3129 1269 3176 re

143 3214 291 3280 eonferas
320 3231 402 3295 quae
425 3213 631 3278 Bannaokius
659 3213 808 3296 exposuit
834 3213 867 3276 in
898 3211 1121 3288 „Studiorum“
1150 3211 1213 3274 vol.
1237 3209 1269 3273 X

142 3333 174 3396 p.
200 3313 260 3376 109
279 3328 348 3393 sqq.

230 3407 486 3493 Aphaeresin
516 3406 674 3472 sibilantis
696 3407 729 3470 in
753 3428 795 3469 σκ
817 3415 850 3471 66
872 3427 920 3491 οφ
944 3405 1121 3487 eonjunetis
1143 3403 1269 3468 Absens

144 3508 326 3576 Laeonioae
348 3505 485 3570 dialecto
509 3503 661 3568 vindieat.
705 3503 770 3568 Sed
799 3503 907 3570 tenuia
937 3510 1010 3567 6666
1032 3500 1216 3565 testimonia
1237 3505 1269 3564 66

143 3604 331 3672 reoeutioris
352 3603 498 3685 linguae;
520 3601 601 3666 nibil
624 3599 781 3684 ejusmodi
803 3599 890 3682 apud
912 3606 1054 3664 nostrum
1078 3603 1216 3680 poetam.

232 3701 318 3766 Satis
339 3701 440 3766 multa
457 3699 616 3765 voeabula
632 3700 732 3764 Dores
747 3698 811 3762 ali-0
833 3704 1004 3763 6666666
1026 3694 1202 3762 efferebant
1224 3699 1270 3758 66

146 3819 208 3883 que
238 3797 349 3880 Attici,
386 3817 481 3881 quam
510 3816 592 3877 rem,
628 3803 663 3861 ut
692 3816 751 3879 par
779 3803 861 3878 erat‚·
897 3795 981 3860 dooti
1009 3792 1206 3876 grammatici
1237 3791 1268 3855 in

145 3896 237 3963 libris
266 3895 390 3961 Doriois
418 3915 482 3960 non
512 3894 735 3977 neglegebant.
780 3892 1025 3976 Conspieiuntur
1055 3889 1191 3955 Dorioae
1221 3911 1269 3954 ra-

145 3994 242 4060 tionis
269 3992 303 4057 in
326 4013 450 4078 papyro
473 3998 582 4057 nostro
604 3996 652 4056 tot
673 3992 837 4076 exempla,
869 4010 1058 4074 quamquam
1083 3989 1269 4072 plerumque
