2916 4872
252 405 314 466 102
505 453 507 458 .
747 407 879 463 Baunaclr

251 583 427 670 positiones
454 581 589 646 alteram
617 581 709 662 proti
736 581 869 648 alteram
899 581 972 664 pati
998 600 1016 646 e
1039 581 1261 648 remotissimis
1287 581 1363 648 indo·
1438 581 1439 588 ’

250 679 443 767 germanicis
471 677 668 762 temporibus
690 679 919 764 assumpsisse,
948 697 1097 762 graecam
1128 686 1237 745 tamen
1259 686 1363 745 utram·

251 799 313 863 que
334 795 518 845 asservasse
533 776 766 859 distantiasque
786 775 1052 861 significationum
1074 777 1258 844 levissimas
1279 777 1363 860 plane

251 895 450 960 exaequasse
478 880 527 941 est
555 873 737 941 arbitratus
783 874 862 941 Cum
890 895 927 941 eo
957 874 1105 946 dissentit
1135 873 1272 940 Curtius.
1314 874 1363 953 qni

251 977 313 1043 sibi
335 975 440 1040 minus
462 972 637 1038 verisimile
659 991 731 1040 esse
754 973 831 1038 dicit
852 973 885 1037 in
909 971 1023 1039 eadem
1049 973 1160 1055 lingua
1184 971 1266 1038 duas
1287 991 1364 1056 prae·

251 1073 427 1156 positiones
443 1089 523 1151 esse,
547 1089 630 1152 quae
651 1071 799 1153 quamvis
821 1070 943 1154 origine
967 1070 1126 1151 differant,
1149 1077 1259 1137 tamen
1281 1070 1363 1153 signi·

250 1171 430 1236 ficationem
453 1169 552 1252 plane
568 1167 704 1236 eandem
719 1170 866 1252 accipere
888 1169 1057 1252 potuerint,
1081 1169 1127 1234 ita
1144 1175 1179 1233 ut
1194 1164 1242 1234 eis'
1263 1168 1363 1252 promi-

251 1288 327 1335 scue
349 1268 395 1331 uti
417 1267 523 1332 liceat.
566 1266 606 1331 In
629 1267 853 1350 Etymologiae
875 1266 1067 1333 Elementist
1089 1287 1121 1349 p.
1138 1269 1178 1331 80
1200 1267 1263 1332 ait:
1291 1266 1363 1343 „Fir

250 1367 335 1432 mich
358 1371 479 1458 genbgt
500 1363 553 1430 die
575 1363 674 1446 vbllig
695 1365 821 1446 gleiche
836 1364 1026 1457 Bedeutung
1042 1362 1099 1430 des
1120 1362 1249 1430 dorisoh
1271 1365 1363 1429 borne-

251 1462 378 1528 rischen
400 1466 482 1526 nort
504 1462 561 1526 mit
576 1460 649 1528 dem
665 1462 888 1529 homerischen
903 1466 1007 1545 προτί
1028 1466 1082 1540 (=
1097 1462 1164 1527 akr.
1183 1463 1287 1545 protr')
1308 1459 1363 1525 und
1440 1497 1441 1500 =

252 1559 325 1627 dem
348 1558 535 1625 kretisehen
557 1564 675 1644 πορτί,
705 1581 759 1624 um
783 1559 833 1624 lbr
855 1559 909 1625 die
938 1566 1022 1625 erste
1044 1558 1139 1624 Form
1163 1559 1227 1624 den
1249 1558 1363 1624 Verlust

252 1657 311 1724 des
333 1683 351 1741 ρ
374 1657 598 1723 anaunehmen
625 1657 692 1723 und
720 1664 799 1723 trotu
821 1659 895 1722 Pott
916 1656 958 1738 1²,
983 1659 1044 1721 272
1074 1660 1194 1739 προτί,
1219 1660 1298 1720 ποτέ
1323 1656 1363 1719 ltr

250 1755 410 1821 identiseh
443 1775 482 1820 uu
514 1756 657 1822 halten.“
700 1757 782 1821 Eum
816 1763 977 1820 auctorem
1011 1753 1111 1820 secuti
1143 1760 1219 1818 sunt
1251 1753 1362 1818 Gelblre

251 1853 354 1930 (Stud.
376 1853 423 1933 Π,
448 1856 501 1930 31)
524 1862 555 1918 et
577 1853 783 1935 Siegismund
804 1862 837 1917 et
858 1853 989 1918 Deeclre
1018 1850 1121 1928 (Stud.
1145 1849 1209 1916 VH
1239 1873 1270 1934 p.
1292 1854 1361 1925 254).
1441 1905 1442 1910 ,

251 1955 293 2016 At
316 1950 463 2016 omnibus
483 1950 577 2016 rebus
599 1951 820 2033 consideratis,
840 1951 925 2034 quod
941 1950 1064 2016 Pottius
1080 1950 1121 2015 de
1136 1949 1265 2013 illarum
1286 1965 1363 2031 prae·

251 2047 444 2130 positionum
467 2048 578 2113 formis
601 2048 714 2130 sentit,
744 2068 817 2115 mea
840 2047 967 2131 quidem
993 2047 1154 2113 sententia
1180 2047 1361 2128 probabilius

253 2163 324 2211 esse
346 2144 482 2208 videtur.
526 2146 607 2211 Rem
629 2146 809 2212 accuratius
831 2146 1055 2226 tractabimus,
1078 2150 1249 2228 postquam
1270 2144 1361 2209 varias

249 2240 523 2325 praepositionum
556 2242 675 2328 formas
710 2243 1018 2326 perlustraverimus.
1071 2243 1255 2309 Nonnullae
1290 2242 1361 2307 enim

249 2339 381 2422 formae,
411 2358 493 2421 quae
514 2338 621 2405 adhuc
643 2360 747 2422 neque
769 2342 924 2407 collectae
946 2359 1051 2423 neque
1074 2341 1254 2424 explicatae
1275 2344 1360 2417 erant,

252 2437 330 2504 satis
359 2437 554 2519 singulares,
585 2442 619 2502 ut
641 2437 738 2502 Pottii
761 2439 933 2524 explicatio
962 2437 1055 2503 nobis
1084 2438 1187 2520 magis
1216 2438 1360 2521 probetur,

251 2535 402 2602 efficiunt.

325 2613 387 2698 'Ad
408 2633 597 2699 sanseritam
618 2633 709 2716 proti
728 2632 863 2697 formam
885 2634 1029 2716 proxime
1050 2631 1175 2698 accedit

340 2735 367 2806 1)
405 2736 547 2814 προτί,
581 2751 676 2814 quam
709 2731 848 2795 maxime
879 2750 920 2796 ex
942 2730 1072 2796 Homeri
1101 2731 1292 2797 carminibus
1318 2747 1362 2792 no-

250 2828 364 2895 vimus.
408 2829 526 2896 Aeoles
559 2829 653 2894 istam
693 2829 869 2911 pleniorem
904 2829 1038 2893 formam
1071 2829 1291 2911 neglexerunt.
1330 2825 1363 2890 In

251 2946 359 2992 corum
381 2925 492 3008 titulis,
516 2927 561 2991 ait
584 2926 660 2990 Ahr.
683 2925 699 2989 I
721 2947 752 3009 p.
778 2930 837 2990 150
860 2926 998 3008 ,legitur
1020 2921 1138 3007 ubique
1160 2925 1258 3010 πρός,
1279 2943 1362 3008 quum

250 3022 444 3089 recentiores
472 3024 573 3088 critici
601 3030 721 3088 temere
750 3022 887 3097 subinde
910 3026 1013 3106 προτί
1034 3024 1088 3089 vel
1109 3029 1193 3089 ποτὶ
1214 3021 1363 3089 intrudere

250 3120 444 3185 roluc1·int.“
488 3121 600 3203 Neque
621 3127 729 3186 tamen
751 3121 786 3185 id
815 3122 912 3204 plane
934 3127 1020 3188 recte
1041 3139 1113 3187 sese
1141 3122 1277 3202 babere,
1306 3138 1364 3202 ery-

251 3216 354 3284 thraei
383 3218 503 3282 nummi
532 3238 649 3284 nomen
677 3217 898 3305 Προτίδημος
935 3223 999 3301 (ap.
1023 3218 1175 3285 Mionnet.
1206 3220 1304 3286 deser.
1330 3216 1365 3280 de

233 3315 335 3381 med.
358 3315 416 3397 ΠΙ,
444 3318 516 3391 131)
538 3314 728 3382 documento
752 3321 809 3382 est.
854 3316 959 3380 Etiam
981 3309 1186 3383 Doriensium
1209 3337 1297 3400 usus,
1319 3312 1365 3396 qui

250 3414 380 3496 saepius
409 3413 600 3495 nominatur,
634 3433 699 3478 non
727 3422 832 3479 certus
861 3433 933 3480 esse
962 3411 1097 3479 videtur.
1141 3414 1218 3480 Ahr.
1240 3415 1288 3496 ll,
1312 3413 1364 3476 338

250 3512 312 3577 ait:
334 3510 443 3594 ,quod
465 3514 589 3594 [προτί]
612 3511 653 3577 ab
669 3511 853 3594 Apollonio,
877 3511 918 3578 de
940 3517 1024 3595 synt.
1047 3531 1078 3593 p.
1096 3515 1147 3591 50,
1172 3514 1213 3576 23
1236 3512 1364 3577 doricum

251 3627 323 3688 esse
345 3609 468 3689 dicitur,
490 3609 524 3672 in
546 3608 728 3691 purioribus
749 3607 880 3674 Doridis
902 3608 1042 3675 lontibus
1065 3627 1129 3674 non
1152 3609 1299 3692 legitur.“

337 3709 368 3781 2)
401 3712 532 3790 πορτί
554 3707 656 3772 forma
678 3726 699 3771 a
720 3704 926 3772 Cretensibus
948 3708 1019 3772 sola
1036 3713 1192 3788 usurpata
1212 3709 1245 3773 in
1268 3723 1364 3774 eorum

250 3801 352 3867 titulis
374 3806 466 3885 3043,
491 3808 583 3882 3050,
608 3807 703 3886 soar,
725 3807 807 3868 3053
831 3804 956 3886 legitur.
988 3803 1077 3882 (chr.
1093 3804 1135 3884 11,
1159 3807 1221 3872 350
1244 3814 1274 3872 er
1293 3805 1361 3881 rna

251 3898 369 3982 Helbig
393 3900 433 3966 de
455 3900 531 3964 dial.
555 3909 629 3968 oret.
651 3923 683 3984 p.
707 3903 771 3978 44.)
816 3899 895 3969 Orta
923 3908 972 3968 cst
1002 3921 1044 3968 ex
1071 3906 1175 3985 προτί
1200 3925 1257 3987 per
1277 3905 1363 3968 meta·
1389 3907 1391 3912 “

251 3996 358 4061 thesin
380 4003 416 4061 ut
435 4017 489 4080 ap.
512 3997 651 4082 Hesycb.
674 3994 909 4082 ἀκοράζεσθαι
931 4020 973 4066 ex
994 3996 1200 4084 ἀκροᾶσθαι.
