2968 4866
175 1369 243 1448 Quo
266 1369 367 1435 maior
388 1369 422 1435 in
444 1368 588 1454 singulos
609 1389 713 1435 annos
735 1369 865 1454 egregia
886 1370 1026 1436 virorum
1050 1371 1214 1439 doctorum

101 1487 190 1550 opera
214 1468 458 1551 inscriptionum
488 1485 582 1550 segcs
612 1485 630 1533 c
660 1466 817 1535 Graeciae
849 1467 918 1534 solo
951 1470 1139 1553 procrescit,
1173 1489 1213 1554 eo

101 1564 202 1648 mag's
218 1565 350 1648 linguae
377 1583 514 1648 graecae
544 1569 577 1630 et
602 1563 742 1647 origines
764 1572 797 1630 et
817 1564 1018 1633 incrementa
1039 1586 1080 1633 ex
1103 1585 1213 1634 earum

100 1663 270 1745 cognitione
285 1663 480 1747 explicanda
495 1681 566 1730 csse
580 1661 793 1745 intellegitur,
815 1681 892 1728 nam
909 1682 980 1728 cum
998 1664 1032 1730 in
1054 1665 1214 1733 servanda

99 1761 211 1842 priscae
237 1761 369 1844 linguae
395 1760 506 1827 indole
527 1778 739 1854 unaquaeque
761 1759 827 1826 iere
851 1757 1007 1827 dialectos
1027 1761 1158 1846 propria
1180 1770 1213 1828 et

99 1858 262 1939 peculiaria
285 1878 326 1925 ex
347 1878 473 1926 summa
494 1857 683 1940 antiquitate
705 1856 874 1941 acceperit,
897 1857 960 1923 nisi
977 1859 1125 1925 omnibus
1144 1860 1213 1925 uni·

99 1957 173 2022 versi
202 1957 310 2040 graeci
343 1956 499 2023 sermonis
531 1954 740 2021 varietatibus
772 1959 806 2020 ct
833 1953 969 2037 cognitis
999 1962 1032 2022 ct
1062 1955 1147 2022 inter
1176 1975 1212 2025 se

97 2055 278 2138 comparatis
299 2053 342 2120 ad
364 2059 504 2120 montem
526 2053 618 2119 illum
639 2051 773 2119 ascendi
794 2071 859 2116 non
882 2058 1002 2136 potest,
1033 2052 1121 2121 unde
1147 2053 1210 2137 pri·

98 2169 158 2218 mus
188 2152 242 2218 ille
276 2171 413 2235 graecae
445 2151 576 2234 linguae
609 2155 711 2217 status
743 2149 965 2234 prospiciatur.
1015 2150 1108 2217 Hanc
1136 2171 1211 2218 vero

98 2249 173 2313 viam
187 2250 240 2332 qui
262 2249 450 2332 ingreditur,
473 2248 591 2314 multas
612 2263 763 2315 sonorum
782 2255 814 2316 et
828 2249 1001 2315 formarum
1015 2248 1212 2332 affectiones,

98 2346 200 2426 quibus
215 2347 256 2428 ei,
280 2347 334 2429 qui
355 2367 453 2412 unam
476 2351 601 2431 spectat
619 2345 801 2428 dialectum,
825 2366 942 2430 gracca
964 2366 1035 2412 cum
1057 2348 1130 2414 aliis
1152 2348 1212 2413 lin-

97 2444 160 2524 guis
180 2444 285 2512 iacere
306 2444 449 2527 videtur,
477 2445 563 2510 intra
584 2443 685 2527 ipsius
707 2444 815 2528 graeci
837 2444 994 2511 sermonis
1015 2443 1095 2510 fines
1117 2451 1211 2511 natas

98 2559 160 2608 csse
173 2542 266 2609 tacite
282 2548 461 2626 cognoscet.
485 2542 582 2608 Velut
596 2562 661 2607 non
677 2541 840 2608 debebant
855 2542 915 2607 viri
930 2540 1015 2607 docti
1032 2541 1210 2625 (ci.Bergk,

97 2639 203 2718 griccb.
218 2640 352 2706 Literat.
374 2640 390 2705 I
414 2643 467 2716 60)
495 2640 593 2706 etiam
619 2639 905 2706 nostra-memoria
926 2643 1073 2722 repetere
1094 2639 1209 2703 mirum
1241 2703 1243 2710 ,

95 2734 175 2801 illum
197 2744 228 2805 et
250 2737 428 2805 absurdum
449 2743 594 2804 veterum
616 2755 765 2818 errorem,
789 2756 852 2819 quo
866 2735 1022 2803 aeolicam
1038 2734 1211 2802 dialectum
1308 2807 1314 2818 ,

96 2834 214 2918 propius
246 2835 380 2918 reliquis
413 2835 456 2901 ad
485 2835 621 2900 latinam
651 2834 795 2916 linguam
824 2831 979 2899 accedere
1008 2832 1211 2899 existimave-

95 2939 175 3016 runt3
202 2954 279 2999 nam
309 2952 392 3016 quae
414 2932 539 2999 aeolica
559 2931 624 2997 illis
647 2931 757 2998 latinis
779 2930 897 2998 similia
918 2929 1126 3013 videbantur,
1155 2937 1212 2996 aut

96 3031 270 3097 recentioris
303 3050 375 3098 csse
405 3030 537 3114 originis
565 3037 621 3095 aut
650 3027 766 3095 doricis
794 3048 918 3112 quoque
950 3028 1094 3095 dialectis
1127 3048 1212 3095 com·

95 3127 193 3193 munia
213 3128 270 3193 vix
293 3128 449 3210 estquod
471 3147 629 3195 moneam.

170 3225 237 3290 lam
260 3227 426 3292 vernalia
452 3245 492 3291 ex
520 3231 612 3309 partc
640 3222 760 3289 fructus
789 3242 830 3289 ex
859 3222 1068 3289 dialectorum
1096 3223 1210 3290 studiis

95 3321 287 3406 concipiendi
309 3330 392 3389 sunt.
437 3322 516 3389 Oum
539 3322 624 3388 enim
646 3320 848 3404 perspicuum
871 3321 922 3401 sit,
947 3320 988 3388 de
1003 3321 1210 3387 dialectorum

95 3414 170 3483 idern
191 3421 301 3488 valere
323 3419 409 3503 quod
430 3419 473 3486 de
495 3419 639 3504 gentium
667 3419 752 3484 inter
773 3437 808 3485 se
830 3417 1018 3485 condicione
1039 3424 1073 3484 et
1094 3437 1242 3512 cogno-⁴,

94 3512 186 3597 tione,
215 3519 243 3584 si
266 3518 344 3600 quid
366 3517 408 3586 de
429 3517 495 3584 illis
518 3519 720 3602 exploratum
746 3515 918 3595 babcmus,
948 3514 991 3581 ad
1019 3514 1078 3581 bas
1107 3520 1210 3580 trans·

94 3608 167 3679 icrrc
193 3614 314 3682 licebit.
357 3615 405 3680 Ac
429 3615 456 3681 si
485 3615 684 3699 reputaveris
708 3611 749 3680 dc
775 3611 889 3696 priscis
915 3613 983 3679 illis
1010 3611 1207 3696 temporibus

94 3716 143 3774 aut
169 3712 299 3778 omnino
327 3711 423 3778 silere
451 3710 603 3780 historiae
628 3716 836 3777 monumenta
857 3716 913 3775 aut
934 3711 962 3776 ri
983 3729 1066 3792 qnae
1088 3707 1209 3774 tradita

95 3814 173 3893 sunt,
194 3817 362 3894 poetarum
384 3814 417 3876 et
438 3809 661 3876 historicorum
682 3807 817 3890 fabulis,
846 3807 1021 3887 erroribus,
1049 3824 1209 3873 commen·

95 3902 130 3969 tis
149 3908 275 3990 penitus
291 3927 362 3974 esse
381 3907 576 3990 intermixta,
599 3906 730 3989 reliquis
752 3904 903 3972 historiae
924 3903 1064 3970 fontibus
1086 3903 1209 3970 obstru-

95 4001 147 4067 ctis
166 4023 240 4087 spes
262 4013 312 4072 cst
332 4004 541 4071 dialectcrum
563 4022 750 4088 graecarum
774 4003 859 4069 inter
879 4021 916 4069 se
937 4001 1208 4086 comparationem

95 4099 207 4179 primae
222 4102 415 4244 Graecorum
431 4101 583 4169 historiae
597 4101 677 4168 lucis
691 4098 813 4184 aliquid
831 4117 902 4166 esse
920 4100 1101 4166 atlaunnn.
1136 4097 1209 4178 Qua

950 4201 1004 4253 rr*
