2986 4864
265 408 327 470 416
368 425 371 440 “
789 413 867 482 Ruge

280 633 285 641 .
329 591 380 667 17)
404 586 505 666 Quem
536 605 588 652 me
621 585 709 651 dioes
743 585 921 666 digniorem
955 607 1026 654 4444
1059 588 1222 656 hominem
1256 591 1384 658 Athenis

262 684 407 751 alterum.
444 684 538 768 Epid.
554 683 614 766 ΙΙΙ,
638 691 667 770 4,
683 690 741 771 703
763 687 788 768 Ι,
808 691 834 767 1,
851 690 902 750 24.
939 686 976 751 In
999 686 1063 752 tab.
1087 685 1268 769 Aulularia,
1289 689 1384 755 Pseu-

263 783 348 865 dulo,
372 784 568 849 Truculento
591 784 759 867 quinquies
781 783 960 862 ,Athenis“
982 790 1097 870 exstat.

325 884 378 956 23)
402 881 454 963 qui
479 881 647 966 Syrasusis
669 882 776 948 habet.
810 883 893 948 Men.
917 885 967 947 69.
994 885 1043 946 11.
1068 884 1139 945 409.

400 986 432 1045 14
455 979 623 1065 Syracusis
646 984 756 1045 natum
780 998 861 1046 4444.
888 982 978 1044 1097.

326 1082 378 1155 27)
398 1084 507 1143 natam
519 1075 640 1144 Thebis
652 1077 778 1144 videon'
790 1096 849 1160 ego
861 1084 902 1142 te.
927 1076 1021 1159 upid.
1029 1075 1067 1158 V,
1083 1082 1111 1157 1,
1124 1079 1175 1140 29.
1189 1076 1385 1158 4144414671.

265 1181 356 1242 1046.
380 1175 461 1241 Rud.
478 1177 551 1240 146.

347 1294 593 1360 Consideremus
615 1293 709 1359 huius
731 1291 927 1376 quaestionis
948 1309 1032 1372 quae
1054 1291 1096 1356 sit
1118 1311 1254 1358 summa.

346 1393 558 1475 Reperiuntur
584 1396 612 1468 1)
634 1398 786 1456 terrarum
811 1388 975 1454 nominum
997 1388 1162 1470 exempla:

261 1494 294 1567 α)
309 1488 407 1554 ablat.
415 1489 496 1571 sing.
504 1487 660 1569 IlI.deol.‚
670 1493 682 1551 1
693 1488 897 1572 sinepraep.;
910 1487 1006 1550 8oum
1015 1506 1124 1568 praep.
1134 1487 1319 1569 (praeterea
1326 1486 1386 1551 duo

260 1591 293 1669 β)
351 1635 364 1664 ,
443 1585 563 1666 ,1.11.
597 1633 610 1663 ,
650 1621 734 1664 -,
812 1634 825 1664 ,
887 1588 925 1647 21
1081 1584 1232 1668 exempla
1246 1584 1387 1660 montis).

260 1689 290 1770 γ)
348 1733 362 1763 n
412 1685 607 1768 Plan-rr
671 1688 730 1762 l„
811 1731 824 1761 a
885 1717 927 1727 ““

266 1843 270 1852 ,
345 1807 377 1878 2)
400 1804 534 1870 Urbium
557 1803 721 1868 nominum
744 1802 908 1885 exempla:

260 1907 292 1978 α)
309 1900 628 1984 abl.sing.Ill.deol.,
648 1901 763 1966 114144
773 1919 901 1984 praep.;
923 1933 965 1943 -
984 1917 1053 1963 oum
1070 1917 1181 1981 praep.

259 2003 343 2081 β),
409 1999 580 2076 ,Ι.ΙΙ.,
649 1997 734 2076 211),
824 2045 837 2074 ,
926 1998 964 2059 19

258 2096 580 2181 y),plur.-,
651 2099 733 2172 30,
821 2142 834 2172 „
920 2128 961 2138 -

344 2214 467 2294 Quibus
484 2213 578 2278 rebus
594 2214 748 2296 expositis
763 2211 935 2296 singularis
950 2212 1074 2278 numeri
1089 2209 1268 2277 ablativum
1283 2213 1386 2297 ipsam

258 2312 388 2377 looativi
410 2314 476 2375 vim
499 2329 561 2374 non
586 2311 738 2378 habuisse
753 2316 898 2394 apparet,
920 2310 1043 2391 aliquot
1064 2315 1171 2374 autem
1194 2310 1314 2377 tertiae
1337 2311 1387 2377 de·

188 2427 198 2446 ·
259 2408 440 2475 clinationis
455 2408 595 2490 nomina,
620 2427 752 2491 quorum
768 2409 889 2473 formae
911 2406 1049 2471 14441144
1065 2406 1297 2490 respondeant,
1322 2409 1387 2475 eius

258 2528 351 2574 ossus
368 2508 439 2573 looo
455 2507 603 2572 adbibita
619 2526 698 2586 4444,
723 2524 785 2588 qua
800 2524 836 2571 re
851 2505 895 2585 id,
918 2503 1002 2586 quod
1020 2503 1060 2570 de
1075 2504 1208 2569 ablativi
1224 2506 1259 2570 in
1277 2507 1388 2589 lingua

256 2606 366 2672 1141144
388 2612 485 2687 atque
513 2605 615 2669 latina
636 2605 669 2669 41
696 2603 946 2686 disputavimus,
977 2600 1190 2668 oonfirmatur.
1234 2604 1321 2668 Tum
1344 2602 1386 2684 id,

257 2703 343 2786 quod
367 2703 408 2768 de
429 2703 563 2768 ablativi
586 2701 720 2785 pluralis
742 2700 844 2764 forma
861 2719 959 2783 supra
980 2699 1195 2782 exposuimus,
1218 2701 1385 2782 probatur,

257 2802 517 2884 eomparantibus
547 2801 633 2866 enim
661 2797 754 2863 nobis
776 2797 908 2862 ablativi
937 2797 1109 2878 singularis
1132 2795 1213 2862 deol.
1237 2798 1264 2862 Ι.
1288 2806 1322 2864 41
1344 2798 1386 2864 ll.

258 2919 348 2964 usum
371 2917 441 2963 oum
469 2897 600 2963 ablativi
629 2896 764 2980 pluralis
785 2915 852 2960 -usu
881 2893 1013 2958 dubium
1039 2914 1103 2958 uon
1132 2887 1199 2972 est,
1227 2895 1307 2976 quin
1337 2895 1387 2961 hio

259 2996 388 3060 14441141
411 2993 525 3058 suffixo
546 2994 701 3059 formatus
724 2994 776 3059 sit.

385 3111 444 3176 ΙΙΙ.
483 3111 705 3177 Ablativus
728 3111 793 3193 qui
817 3111 1027 3177 terminum
1049 3109 1089 3174 in
1113 3128 1226 3192 quem
1251 3111 1386 3195 signi·

257 3209 387 3276 114444
409 3207 579 3274 videtur.
795 3202 797 3214 '

344 3311 399 3378 Vis
414 3310 558 3392 ablativi,
582 3311 623 3377 do
646 3330 709 3393 qua
726 3331 811 3375 nuno
826 3310 1029 3389 disseremus,
1053 3327 1247 3390 quamquam
1270 3331 1292 3376 a
1315 3332 1387 3396 pro

256 3411 326 3494 pria
341 3409 435 3475 buius
450 3428 545 3475 44444
560 3414 720 3492 potestate
735 3406 883 3492 primitus
900 3405 1028 3473 diversa
1043 3426 1107 3472 non
1122 3405 1193 3489 luit,
1212 3415 1386 3492 propterea

255 3514 365 3574 tamen
388 3507 513 3573 silentio
536 3507 700 3591 praeteriri
717 3527 781 3572 non
800 3510 915 3589 potest,
938 3503 1023 3586 quod
1039 3524 1081 3571 ex
1100 3510 1229 3570 nostrae
1251 3505 1385 3589 linguae

256 3626 314 3671 usu
336 3603 457 3687 aliquot
479 3604 630 3671 ablativis
658 3604 768 3670 latinis
791 3624 831 3670 44
852 3603 901 3670 414
923 3603 1029 3670 144444
1050 3601 1190 3684 videtur,
1220 3608 1255 3667 ut
1276 3603 1387 3668 termi-

123 3730 125 3734 ’
255 3723 330 3768 num
354 3701 407 3784 qui
431 3701 544 3766 dieitur
566 3701 598 3765 in
622 3721 716 3784 quem
738 3699 926 3785 significent.
961 3699 1007 3765 At
1021 3700 1087 3765 alia
1102 3718 1200 3783 saepe
1215 3700 1384 3782 Romanis,

256 3799 321 3864 alia
342 3799 435 3866 nobis
457 3798 619 3882 eogitandi
640 3799 722 3864 ratio
745 3805 802 3865 441.
829 3835 871 3845 -
894 3798 1053 3882 Exempla
1074 3797 1156 3862 haec
1177 3802 1266 3862 sunt:

187 3955 197 3966 -
329 3910 331 3915 '
383 3929 447 3974 non
477 3910 538 3975 lrao
566 3916 686 3976 temere
707 3907 835 3976 transiri
864 3914 978 3992 potest.
1009 3907 1126 3976 Bauoh.
1151 3909 1190 3972 85
1214 3906 1246 3984 (1.
1270 3925 1298 3972 4.
1324 3906 1386 3970 Irae

229 4065 232 4074 ,
255 4004 305 4065 oio
327 4011 382 4070 aut
404 4005 442 4068 ab
463 4006 522 4070 lroc
539 4012 657 4091 porte).
