<?xml version="1.0" encoding="UTF-8"?>
<!DOCTYPE html PUBLIC "-//W3C//DTD XHTML 1.0 Transitional//EN"
    "http://www.w3.org/TR/xhtml1/DTD/xhtml1-transitional.dtd">
<html xmlns="http://www.w3.org/1999/xhtml" xml:lang="en" lang="en">
 <head>
  <title>
</title>
<meta http-equiv="Content-Type" content="text/html;charset=utf-8" />
  <meta name='ocr-system' content='tesseract 3.04.00' />
  <meta name='ocr-capabilities' content='ocr_page ocr_carea ocr_par ocr_line ocrx_word'/>
</head>
<body>
  <div class='ocr_page' id='page_1' title='image "./studienzurgriec01vanigoog_0285.png"; bbox 0 0 2968 4866; ppageno 0'>
   <div class='ocr_carea' id='block_1_1' title="bbox 426 396 1263 469">
    <p class='ocr_par' dir='ltr' id='par_1_1' title="bbox 426 396 1263 469">
     <span class='ocr_line' id='line_1_1' title="bbox 426 396 1263 469; baseline 0.005 -15"><span class='ocrx_word' id='word_1_1' title='bbox 426 399 603 469; x_wconf 75' lang='lat' dir='ltr'><strong>Quaestiones</strong></span> <span class='ocrx_word' id='word_1_2' title='bbox 621 399 841 468; x_wconf 77' lang='lat' dir='ltr'><strong>dialectologicse</strong></span> <span class='ocrx_word' id='word_1_3' title='bbox 857 413 980 468; x_wconf 76' lang='lat' dir='ltr'><strong>graecae.</strong></span> <span class='ocrx_word' id='word_1_4' title='bbox 1202 396 1263 458; x_wconf 83' lang='lat'><strong>273</strong></span> 
     </span>
    </p>
   </div>
   <div class='ocr_carea' id='block_1_2' title="bbox 128 571 1314 2415">
    <p class='ocr_par' dir='ltr' id='par_1_2' title="bbox 133 571 1263 754">
     <span class='ocr_line' id='line_1_2' title="bbox 133 571 1263 654; baseline 0.002 -18"><span class='ocrx_word' id='word_1_5' title='bbox 133 571 332 654; x_wconf 85' lang='lat' dir='ltr'><strong>referendas,</strong></span> <span class='ocrx_word' id='word_1_6' title='bbox 355 592 412 639; x_wconf 92' lang='lat' dir='ltr'><strong>suo</strong></span> <span class='ocrx_word' id='word_1_7' title='bbox 434 573 503 638; x_wconf 92' lang='lat' dir='ltr'><strong>iure</strong></span> <span class='ocrx_word' id='word_1_8' title='bbox 524 571 665 654; x_wconf 82' lang='lat' dir='ltr'><strong>aliquem</strong></span> <span class='ocrx_word' id='word_1_9' title='bbox 689 591 782 654; x_wconf 89' lang='lat' dir='ltr'><strong>posse</strong></span> <span class='ocrx_word' id='word_1_10' title='bbox 804 571 912 638; x_wconf 88' lang='lat' dir='ltr'><strong>mirari</strong></span> <span class='ocrx_word' id='word_1_11' title='bbox 931 592 990 638; x_wconf 89' lang='lat' dir='ltr'><strong>nos</strong></span> <span class='ocrx_word' id='word_1_12' title='bbox 1005 592 1086 637; x_wconf 90' lang='lat' dir='ltr'><strong>unos</strong></span> <span class='ocrx_word' id='word_1_13' title='bbox 1101 573 1199 639; x_wconf 82' lang='lat' dir='ltr'><strong>Eleos</strong></span> <span class='ocrx_word' id='word_1_14' title='bbox 1222 573 1263 638; x_wconf 90' lang='lat' dir='ltr'><strong>ab</strong></span> 
     </span>
     <span class='ocr_line' id='line_1_3' title="bbox 134 669 527 754; baseline 0 -21"><span class='ocrx_word' id='word_1_15' title='bbox 134 670 193 735; x_wconf 89' lang='lat' dir='ltr'><strong>hac</strong></span> <span class='ocrx_word' id='word_1_16' title='bbox 216 669 331 752; x_wconf 81' lang='lat' dir='ltr'><strong>regula</strong></span> <span class='ocrx_word' id='word_1_17' title='bbox 352 670 527 754; x_wconf 74' lang='lat' dir='ltr'><strong>excepisse.</strong></span> 
     </span>
    </p>

    <p class='ocr_par' dir='ltr' id='par_1_3' title="bbox 130 765 1314 1828">
     <span class='ocr_line' id='line_1_4' title="bbox 220 765 1262 851; baseline 0.004 -19"><span class='ocrx_word' id='word_1_18' title='bbox 220 766 314 846; x_wconf 80' lang='lat' dir='ltr'><strong>Quod</strong></span> <span class='ocrx_word' id='word_1_19' title='bbox 337 787 407 832; x_wconf 91' lang='lat' dir='ltr'><strong>cum</strong></span> <span class='ocrx_word' id='word_1_20' title='bbox 431 767 477 832; x_wconf 87' lang='lat' dir='ltr'><strong>ita</strong></span> <span class='ocrx_word' id='word_1_21' title='bbox 498 766 555 847; x_wconf 92' lang='lat' dir='ltr'><strong>sit,</strong></span> <span class='ocrx_word' id='word_1_22' title='bbox 578 786 643 832; x_wconf 91' lang='lat' dir='ltr'><strong>non</strong></span> <span class='ocrx_word' id='word_1_23' title='bbox 666 765 757 832; x_wconf 86' lang='lat' dir='ltr'><strong>nolas</strong></span> <span class='ocrx_word' id='word_1_24' title='bbox 780 765 857 832; x_wconf 87' lang='lat' dir='ltr'><strong>duxi</strong></span> <span class='ocrx_word' id='word_1_25' title='bbox 880 767 1032 834; x_wconf 87' lang='lat' dir='ltr'><strong>hocloco</strong></span> <span class='ocrx_word' id='word_1_26' title='bbox 1055 767 1165 851; x_wconf 92' lang='lat' dir='ltr'><strong>paullo</strong></span> <span class='ocrx_word' id='word_1_27' title='bbox 1188 769 1262 836; x_wconf 92' lang='lat' dir='ltr'><strong>ube·</strong></span> 
     </span>
     <span class='ocr_line' id='line_1_5' title="bbox 132 863 1264 950; baseline 0.002 -20"><span class='ocrx_word' id='word_1_28' title='bbox 132 865 199 932; x_wconf 90' lang='lat' dir='ltr'><strong>rius</strong></span> <span class='ocrx_word' id='word_1_29' title='bbox 229 865 270 932; x_wconf 92' lang='lat' dir='ltr'><strong>de</strong></span> <span class='ocrx_word' id='word_1_30' title='bbox 299 864 518 932; x_wconf 85' lang='lat' dir='ltr'><strong>aroadieoe</strong></span> <span class='ocrx_word' id='word_1_31' title='bbox 547 863 676 931; x_wconf 80' lang='lat' dir='ltr'><strong>dialecti</strong></span> <span class='ocrx_word' id='word_1_32' title='bbox 705 863 814 930; x_wconf 93' lang='lat' dir='ltr'><strong>indole</strong></span> <span class='ocrx_word' id='word_1_33' title='bbox 836 870 868 930; x_wconf 94' lang='lat' dir='ltr'><strong>et</strong></span> <span class='ocrx_word' id='word_1_34' title='bbox 890 883 961 930; x_wconf 88' lang='lat' dir='ltr'><strong>cum</strong></span> <span class='ocrx_word' id='word_1_35' title='bbox 984 865 1115 948; x_wconf 91' lang='lat' dir='ltr'><strong>reliquis</strong></span> <span class='ocrx_word' id='word_1_36' title='bbox 1137 886 1264 950; x_wconf 91' lang='lat' dir='ltr'><strong>compa-</strong></span> 
     </span>
     <span class='ocr_line' id='line_1_6' title="bbox 134 961 1263 1047; baseline 0.003 -19"><span class='ocrx_word' id='word_1_37' title='bbox 134 963 261 1029; x_wconf 88' lang='lat' dir='ltr'><strong>ratione</strong></span> <span class='ocrx_word' id='word_1_38' title='bbox 294 982 470 1047; x_wconf 85' lang='lat' dir='ltr'><strong>exponere,</strong></span> <span class='ocrx_word' id='word_1_39' title='bbox 506 983 577 1028; x_wconf 90' lang='lat' dir='ltr'><strong>cum</strong></span> <span class='ocrx_word' id='word_1_40' title='bbox 610 962 797 1046; x_wconf 84' lang='lat' dir='ltr'><strong>praesertim</strong></span> <span class='ocrx_word' id='word_1_41' title='bbox 826 961 971 1044; x_wconf 74' lang='lat' dir='ltr'><strong>Gelblne,</strong></span> <span class='ocrx_word' id='word_1_42' title='bbox 1005 963 1061 1029; x_wconf 90' lang='lat' dir='ltr'><strong>ille</strong></span> <span class='ocrx_word' id='word_1_43' title='bbox 1093 963 1263 1031; x_wconf 90' lang='lat' dir='ltr'><strong>arcadicae</strong></span> 
     </span>
     <span class='ocr_line' id='line_1_7' title="bbox 133 1058 1264 1145; baseline 0.004 -21"><span class='ocrx_word' id='word_1_44' title='bbox 133 1058 265 1127; x_wconf 76' lang='lat' dir='ltr'><strong>dialecti</strong></span> <span class='ocrx_word' id='word_1_45' title='bbox 287 1060 512 1143; x_wconf 81' lang='lat' dir='ltr'><strong>investigator,</strong></span> <span class='ocrx_word' id='word_1_46' title='bbox 544 1061 578 1125; x_wconf 94' lang='lat' dir='ltr'><strong>in</strong></span> <span class='ocrx_word' id='word_1_47' title='bbox 607 1060 658 1128; x_wconf 90' lang='lat' dir='ltr'><strong>his</strong></span> <span class='ocrx_word' id='word_1_48' title='bbox 681 1059 920 1143; x_wconf 84' lang='lat' dir='ltr'><strong>quaestionibus</strong></span> <span class='ocrx_word' id='word_1_49' title='bbox 946 1081 1011 1126; x_wconf 91' lang='lat' dir='ltr'><strong>non</strong></span> <span class='ocrx_word' id='word_1_50' title='bbox 1034 1081 1088 1143; x_wconf 88' lang='lat' dir='ltr'><strong>ea,</strong></span> <span class='ocrx_word' id='word_1_51' title='bbox 1119 1081 1183 1144; x_wconf 88' lang='lat' dir='ltr'><strong>qua</strong></span> <span class='ocrx_word' id='word_1_52' title='bbox 1204 1081 1264 1145; x_wconf 87' lang='lat' dir='ltr'><strong>par</strong></span> 
     </span>
     <span class='ocr_line' id='line_1_8' title="bbox 131 1157 1263 1242; baseline 0.004 -20"><span class='ocrx_word' id='word_1_53' title='bbox 131 1157 209 1240; x_wconf 87' lang='lat' dir='ltr'><strong>init,</strong></span> <span class='ocrx_word' id='word_1_54' title='bbox 241 1157 420 1228; x_wconf 75' lang='lat' dir='ltr'><strong>subtilitate</strong></span> <span class='ocrx_word' id='word_1_55' title='bbox 442 1163 586 1225; x_wconf 84' lang='lat' dir='ltr'><strong>versatus</strong></span> <span class='ocrx_word' id='word_1_56' title='bbox 608 1158 657 1224; x_wconf 88' lang='lat' dir='ltr'><strong>sit.</strong></span> <span class='ocrx_word' id='word_1_57' title='bbox 700 1158 812 1241; x_wconf 86' lang='lat' dir='ltr'><strong>Neque</strong></span> <span class='ocrx_word' id='word_1_58' title='bbox 839 1178 934 1242; x_wconf 90' lang='lat' dir='ltr'><strong>spero</strong></span> <span class='ocrx_word' id='word_1_59' title='bbox 956 1176 1147 1242; x_wconf 87' lang='lat' dir='ltr'><strong>quemquam</strong></span> <span class='ocrx_word' id='word_1_60' title='bbox 1169 1160 1263 1227; x_wconf 91' lang='lat' dir='ltr'><strong>nobis</strong></span> 
     </span>
     <span class='ocr_line' id='line_1_9' title="bbox 132 1254 1264 1340; baseline 0.004 -19"><span class='ocrx_word' id='word_1_61' title='bbox 132 1255 259 1321; x_wconf 89' lang='lat' dir='ltr'><strong>crimini</strong></span> <span class='ocrx_word' id='word_1_62' title='bbox 289 1276 360 1323; x_wconf 88' lang='lat' dir='ltr'><strong>esse</strong></span> <span class='ocrx_word' id='word_1_63' title='bbox 384 1255 547 1338; x_wconf 90' lang='lat' dir='ltr'><strong>daturum,</strong></span> <span class='ocrx_word' id='word_1_64' title='bbox 578 1254 663 1338; x_wconf 90' lang='lat' dir='ltr'><strong>quod</strong></span> <span class='ocrx_word' id='word_1_65' title='bbox 686 1256 826 1340; x_wconf 89' lang='lat' dir='ltr'><strong>ipsarum</strong></span> <span class='ocrx_word' id='word_1_66' title='bbox 850 1255 1058 1324; x_wconf 90' lang='lat' dir='ltr'><strong>dialectorum</strong></span> <span class='ocrx_word' id='word_1_67' title='bbox 1080 1257 1264 1340; x_wconf 84' lang='lat' dir='ltr'><strong>cognitione</strong></span> 
     </span>
     <span class='ocr_line' id='line_1_10' title="bbox 132 1353 1263 1444; baseline 0.002 -24"><span class='ocrx_word' id='word_1_68' title='bbox 132 1353 197 1420; x_wconf 88' lang='lat' dir='ltr'><strong>nisi</strong></span> <span class='ocrx_word' id='word_1_69' title='bbox 227 1359 370 1421; x_wconf 88' lang='lat' dir='ltr'><strong>veterum</strong></span> <span class='ocrx_word' id='word_1_70' title='bbox 399 1353 440 1419; x_wconf 94' lang='lat' dir='ltr'><strong>de</strong></span> <span class='ocrx_word' id='word_1_71' title='bbox 470 1353 521 1419; x_wconf 88' lang='lat' dir='ltr'><strong>his</strong></span> <span class='ocrx_word' id='word_1_72' title='bbox 553 1353 648 1420; x_wconf 89' lang='lat' dir='ltr'><strong>rebus</strong></span> <span class='ocrx_word' id='word_1_73' title='bbox 681 1353 1138 1425; x_wconf 82' lang='lat' dir='ltr'><strong>traditiones.examinandas</strong></span> <span class='ocrx_word' id='word_1_74' title='bbox 1170 1355 1263 1444; x_wconf 88' lang='lat' dir='ltr'><strong>nobis</strong></span> 
     </span>
     <span class='ocr_line' id='line_1_11' title="bbox 132 1449 1263 1536; baseline 0.002 -20"><span class='ocrx_word' id='word_1_75' title='bbox 132 1471 368 1536; x_wconf 88' lang='lat' dir='ltr'><strong>proponamus,</strong></span> <span class='ocrx_word' id='word_1_76' title='bbox 402 1449 429 1516; x_wconf 91' lang='lat' dir='ltr'><strong>si</strong></span> <span class='ocrx_word' id='word_1_77' title='bbox 463 1450 592 1533; x_wconf 91' lang='lat' dir='ltr'><strong>quidem</strong></span> <span class='ocrx_word' id='word_1_78' title='bbox 626 1471 717 1518; x_wconf 90' lang='lat' dir='ltr'><strong>suum</strong></span> <span class='ocrx_word' id='word_1_79' title='bbox 750 1452 861 1518; x_wconf 87' lang='lat' dir='ltr'><strong>iecerit</strong></span> <span class='ocrx_word' id='word_1_80' title='bbox 896 1453 1014 1520; x_wconf 88' lang='lat' dir='ltr'><strong>dictum</strong></span> <span class='ocrx_word' id='word_1_81' title='bbox 1048 1452 1128 1518; x_wconf 91' lang='lat' dir='ltr'><strong>illud</strong></span> <span class='ocrx_word' id='word_1_82' title='bbox 1162 1452 1263 1520; x_wconf 81' lang='lat' dir='ltr'><strong>Giesii</strong></span> 
     </span>
     <span class='ocr_line' id='line_1_12' title="bbox 132 1549 1261 1634; baseline 0.003 -20"><span class='ocrx_word' id='word_1_83' title='bbox 132 1550 193 1615; x_wconf 91' lang='lat' dir='ltr'><strong>viri</strong></span> <span class='ocrx_word' id='word_1_84' title='bbox 216 1549 339 1634; x_wconf 91' lang='lat' dir='ltr'><strong>optimi,</strong></span> <span class='ocrx_word' id='word_1_85' title='bbox 362 1568 424 1631; x_wconf 91' lang='lat' dir='ltr'><strong>quo</strong></span> <span class='ocrx_word' id='word_1_86' title='bbox 447 1554 571 1614; x_wconf 91' lang='lat' dir='ltr'><strong>monet:</strong></span> <span class='ocrx_word' id='word_1_87' title='bbox 594 1549 714 1626; x_wconf 83' lang='lat' dir='ltr'><strong>,Nicht</strong></span> <span class='ocrx_word' id='word_1_88' title='bbox 735 1549 769 1615; x_wconf 93' lang='lat' dir='ltr'><strong>in</strong></span> <span class='ocrx_word' id='word_1_89' title='bbox 792 1549 855 1617; x_wconf 96' lang='lat' dir='ltr'><strong>den</strong></span> <span class='ocrx_word' id='word_1_90' title='bbox 874 1551 1069 1633; x_wconf 87' lang='lat' dir='ltr'><strong>Meinungen</strong></span> <span class='ocrx_word' id='word_1_91' title='bbox 1093 1550 1150 1617; x_wconf 91' lang='lat' dir='ltr'><strong>der</strong></span> <span class='ocrx_word' id='word_1_92' title='bbox 1164 1552 1261 1617; x_wconf 84' lang='lat' dir='ltr'><strong>Alten</strong></span> 
     </span>
     <span class='ocr_line' id='line_1_13' title="bbox 132 1645 1314 1730; baseline 0.003 -19"><span class='ocrx_word' id='word_1_93' title='bbox 132 1647 241 1730; x_wconf 84' lang='lat' dir='ltr'><strong>liegen</strong></span> <span class='ocrx_word' id='word_1_94' title='bbox 262 1647 314 1712; x_wconf 93' lang='lat' dir='ltr'><strong>die</strong></span> <span class='ocrx_word' id='word_1_95' title='bbox 337 1645 497 1712; x_wconf 86' lang='lat' dir='ltr'><strong>wahrhait</strong></span> <span class='ocrx_word' id='word_1_96' title='bbox 519 1647 731 1714; x_wconf 79' lang='lat' dir='ltr'><strong>historischen</strong></span> <span class='ocrx_word' id='word_1_97' title='bbox 747 1649 933 1730; x_wconf 85' lang='lat' dir='ltr'><strong>Zeugnisse,</strong></span> <span class='ocrx_word' id='word_1_98' title='bbox 957 1648 1099 1715; x_wconf 91' lang='lat' dir='ltr'><strong>sondern</strong></span> <span class='ocrx_word' id='word_1_99' title='bbox 1121 1649 1154 1713; x_wconf 93' lang='lat' dir='ltr'><strong>in</strong></span> <span class='ocrx_word' id='word_1_100' title='bbox 1176 1648 1262 1714; x_wconf 90' lang='lat' dir='ltr'><strong>ihrer</strong></span> <span class='ocrx_word' id='word_1_101' title='bbox 1309 1665 1314 1679; x_wconf 85' lang='lat'>·</span> 
     </span>
     <span class='ocr_line' id='line_1_14' title="bbox 130 1744 430 1828; baseline 0 -18"><span class='ocrx_word' id='word_1_102' title='bbox 130 1744 276 1828; x_wconf 85' lang='lat' dir='ltr'><strong>Sprache</strong></span> <span class='ocrx_word' id='word_1_103' title='bbox 298 1745 430 1812; x_wconf 87' lang='lat' dir='ltr'><strong>selbst.“</strong></span> 
     </span>
    </p>

    <p class='ocr_par' dir='ltr' id='par_1_4' title="bbox 128 1839 1310 2415">
     <span class='ocr_line' id='line_1_15' title="bbox 219 1839 1260 1925; baseline 0.002 -18"><span class='ocrx_word' id='word_1_104' title='bbox 219 1842 313 1907; x_wconf 85' lang='lat' dir='ltr'><strong>Viam</strong></span> <span class='ocrx_word' id='word_1_105' title='bbox 335 1850 443 1909; x_wconf 86' lang='lat' dir='ltr'><strong>autem</strong></span> <span class='ocrx_word' id='word_1_106' title='bbox 466 1839 498 1909; x_wconf 88' lang='lat' dir='ltr'><strong>et</strong></span> <span class='ocrx_word' id='word_1_107' title='bbox 520 1842 677 1908; x_wconf 88' lang='lat' dir='ltr'><strong>rationem</strong></span> <span class='ocrx_word' id='word_1_108' title='bbox 698 1841 872 1925; x_wconf 83' lang='lat' dir='ltr'><strong>quaerendi</strong></span> <span class='ocrx_word' id='word_1_109' title='bbox 895 1842 928 1907; x_wconf 94' lang='lat' dir='ltr'><strong>in</strong></span> <span class='ocrx_word' id='word_1_110' title='bbox 951 1861 1144 1924; x_wconf 89' lang='lat' dir='ltr'><strong>unaquaque</strong></span> <span class='ocrx_word' id='word_1_111' title='bbox 1166 1842 1260 1909; x_wconf 92' lang='lat' dir='ltr'><strong>huius</strong></span> 
     </span>
     <span class='ocr_line' id='line_1_16' title="bbox 129 1938 1261 2024; baseline 0 -18"><span class='ocrx_word' id='word_1_112' title='bbox 129 1939 260 2024; x_wconf 84' lang='lat' dir='ltr'><strong>generis</strong></span> <span class='ocrx_word' id='word_1_113' title='bbox 285 1941 525 2024; x_wconf 89' lang='lat' dir='ltr'><strong>comparatione</strong></span> <span class='ocrx_word' id='word_1_114' title='bbox 548 1940 785 2024; x_wconf 87' lang='lat' dir='ltr'><strong>quamoptime</strong></span> <span class='ocrx_word' id='word_1_115' title='bbox 808 1940 846 2006; x_wconf 81' lang='lat' dir='ltr'><strong>G.</strong></span> <span class='ocrx_word' id='word_1_116' title='bbox 870 1938 1053 2021; x_wconf 78' lang='lat' dir='ltr'><strong>Curtius,</strong></span> <span class='ocrx_word' id='word_1_117' title='bbox 1083 1940 1131 2004; x_wconf 89' lang='lat' dir='ltr'><strong>vir</strong></span> <span class='ocrx_word' id='word_1_118' title='bbox 1153 1940 1261 2006; x_wconf 76' lang='lat' dir='ltr'><strong>claris-</strong></span> 
     </span>
     <span class='ocr_line' id='line_1_17' title="bbox 130 2036 1262 2120; baseline -0.001 -16"><span class='ocrx_word' id='word_1_119' title='bbox 130 2038 241 2119; x_wconf 88' lang='lat' dir='ltr'><strong>simus,</strong></span> <span class='ocrx_word' id='word_1_120' title='bbox 266 2037 468 2120; x_wconf 81' lang='lat' dir='ltr'><strong>significavit,</strong></span> <span class='ocrx_word' id='word_1_121' title='bbox 491 2059 563 2104; x_wconf 90' lang='lat' dir='ltr'><strong>cnm</strong></span> <span class='ocrx_word' id='word_1_122' title='bbox 583 2038 618 2102; x_wconf 95' lang='lat' dir='ltr'><strong>in</strong></span> <span class='ocrx_word' id='word_1_123' title='bbox 641 2056 680 2102; x_wconf 91' lang='lat' dir='ltr'><strong>ea</strong></span> <span class='ocrx_word' id='word_1_124' title='bbox 703 2036 927 2120; x_wconf 89' lang='lat' dir='ltr'><strong>disputatione,</strong></span> <span class='ocrx_word' id='word_1_125' title='bbox 951 2036 1002 2103; x_wconf 92' lang='lat' dir='ltr'><strong>oui</strong></span> <span class='ocrx_word' id='word_1_126' title='bbox 1024 2057 1156 2116; x_wconf 81' lang='lat' dir='ltr'><strong>nomen:</strong></span> <span class='ocrx_word' id='word_1_127' title='bbox 1180 2038 1262 2114; x_wconf 89' lang='lat' dir='ltr'><strong>,Be-</strong></span> 
     </span>
     <span class='ocr_line' id='line_1_18' title="bbox 130 2134 1260 2220; baseline -0.007 -14"><span class='ocrx_word' id='word_1_128' title='bbox 130 2137 334 2219; x_wconf 85' lang='lat' dir='ltr'><strong>merkungen</strong></span> <span class='ocrx_word' id='word_1_129' title='bbox 362 2158 417 2201; x_wconf 87' lang='lat' dir='ltr'><strong>zur</strong></span> <span class='ocrx_word' id='word_1_130' title='bbox 444 2135 563 2220; x_wconf 84' lang='lat' dir='ltr'><strong>grieeh.</strong></span> <span class='ocrx_word' id='word_1_131' title='bbox 587 2134 840 2218; x_wconf 81' lang='lat' dir='ltr'><strong>Dialectologie“</strong></span> <span class='ocrx_word' id='word_1_132' title='bbox 866 2135 966 2215; x_wconf 80' lang='lat' dir='ltr'><strong>(Gdtt.</strong></span> <span class='ocrx_word' id='word_1_133' title='bbox 988 2135 1050 2218; x_wconf 85' lang='lat' dir='ltr'><strong>gel.</strong></span> <span class='ocrx_word' id='word_1_134' title='bbox 1073 2136 1151 2201; x_wconf 85' lang='lat' dir='ltr'><strong>Anu.</strong></span> <span class='ocrx_word' id='word_1_135' title='bbox 1180 2138 1260 2201; x_wconf 81' lang='grc'>1862</span> 
     </span>
     <span class='ocr_line' id='line_1_19' title="bbox 130 2232 1310 2318; baseline 0.001 -21"><span class='ocrx_word' id='word_1_136' title='bbox 130 2255 161 2317; x_wconf 91' lang='lat' dir='ltr'><strong>p.</strong></span> <span class='ocrx_word' id='word_1_137' title='bbox 186 2236 262 2312; x_wconf 86' lang='lat'>488)</span> <span class='ocrx_word' id='word_1_138' title='bbox 285 2233 456 2318; x_wconf 85' lang='lat' dir='ltr'><strong>inscripsit,</strong></span> <span class='ocrx_word' id='word_1_139' title='bbox 480 2233 559 2300; x_wconf 90' lang='lat' dir='ltr'><strong>haee</strong></span> <span class='ocrx_word' id='word_1_140' title='bbox 583 2234 684 2300; x_wconf 89' lang='lat' dir='ltr'><strong>verba</strong></span> <span class='ocrx_word' id='word_1_141' title='bbox 704 2233 840 2299; x_wconf 85' lang='lat' dir='ltr'><strong>faceret:</strong></span> <span class='ocrx_word' id='word_1_142' title='bbox 874 2232 978 2310; x_wconf 89' lang='lat' dir='ltr'><strong>,Wie</strong></span> <span class='ocrx_word' id='word_1_143' title='bbox 1001 2232 1071 2298; x_wconf 87' lang='lat' dir='ltr'><strong>wir</strong></span> <span class='ocrx_word' id='word_1_144' title='bbox 1093 2253 1169 2298; x_wconf 88' lang='lat' dir='ltr'><strong>von</strong></span> <span class='ocrx_word' id='word_1_145' title='bbox 1193 2232 1262 2300; x_wconf 88' lang='lat' dir='ltr'><strong>der</strong></span> <span class='ocrx_word' id='word_1_146' title='bbox 1305 2257 1310 2273; x_wconf 74' lang='lat'><strong><em>¹</em></strong></span> 
     </span>
     <span class='ocr_line' id='line_1_20' title="bbox 128 2331 1262 2415; baseline 0 -19"><span class='ocrx_word' id='word_1_147' title='bbox 128 2331 425 2414; x_wconf 83' lang='lat' dir='ltr'><strong>griechischen</strong></span> <span class='ocrx_word' id='word_1_148' title='bbox 462 2331 866 2415; x_wconf 85' lang='lat' dir='ltr'><strong>Spraehgestaltung</strong></span> <span class='ocrx_word' id='word_1_149' title='bbox 908 2352 975 2414; x_wconf 85' lang='lat' dir='ltr'><strong>zur</strong></span> <span class='ocrx_word' id='word_1_150' title='bbox 1012 2331 1262 2413; x_wconf 85' lang='lat' dir='ltr'><strong>graeco-ita·</strong></span> 
     </span>
    </p>
   </div>
   <div class='ocr_carea' id='block_1_3' title="bbox 127 2428 1261 2902">
    <p class='ocr_par' dir='ltr' id='par_1_5' title="bbox 127 2428 1261 2902">
     <span class='ocr_line' id='line_1_21' title="bbox 130 2428 1261 2522; baseline 0.001 -28"><span class='ocrx_word' id='word_1_151' title='bbox 130 2428 313 2511; x_wconf 87' lang='lat' dir='ltr'><strong>lischen,</strong></span> <span class='ocrx_word' id='word_1_152' title='bbox 353 2449 431 2494; x_wconf 88' lang='lat' dir='ltr'><strong>von</strong></span> <span class='ocrx_word' id='word_1_153' title='bbox 468 2429 517 2495; x_wconf 88' lang='lat' dir='ltr'><strong>da</strong></span> <span class='ocrx_word' id='word_1_154' title='bbox 553 2429 805 2522; x_wconf 41' lang='lat' dir='ltr'><strong>wieder‘zur</strong></span> <span class='ocrx_word' id='word_1_155' title='bbox 841 2428 1261 2511; x_wconf 81' lang='lat' dir='ltr'><strong>indegermanisehen</strong></span> 
     </span>
     <span class='ocr_line' id='line_1_22' title="bbox 128 2525 1260 2610; baseline 0.002 -20"><span class='ocrx_word' id='word_1_156' title='bbox 128 2525 386 2608; x_wconf 81' lang='lat' dir='ltr'><strong>auisteigen‚</strong></span> <span class='ocrx_word' id='word_1_157' title='bbox 417 2547 459 2593; x_wconf 93' lang='lat' dir='ltr'><strong>so</strong></span> <span class='ocrx_word' id='word_1_158' title='bbox 486 2527 565 2610; x_wconf 84' lang='lat' dir='ltr'><strong>gilt</strong></span> <span class='ocrx_word' id='word_1_159' title='bbox 587 2547 629 2594; x_wconf 91' lang='lat' dir='ltr'><strong>es</strong></span> <span class='ocrx_word' id='word_1_160' title='bbox 652 2526 726 2592; x_wconf 91' lang='lat' dir='ltr'><strong>den</strong></span> <span class='ocrx_word' id='word_1_161' title='bbox 750 2525 945 2607; x_wconf 88' lang='lat' dir='ltr'><strong>Versueh,</strong></span> <span class='ocrx_word' id='word_1_162' title='bbox 977 2527 1022 2591; x_wconf 96' lang='lat' dir='ltr'><strong>ob</strong></span> <span class='ocrx_word' id='word_1_163' title='bbox 1046 2527 1117 2592; x_wconf 81' lang='lat' dir='ltr'><strong>wit</strong></span> <span class='ocrx_word' id='word_1_164' title='bbox 1145 2525 1260 2592; x_wconf 90' lang='lat' dir='ltr'><strong>nicht</strong></span> 
     </span>
     <span class='ocr_line' id='line_1_23' title="bbox 127 2623 1256 2706; baseline -0.002 -18"><span class='ocrx_word' id='word_1_165' title='bbox 127 2644 210 2690; x_wconf 87' lang='lat' dir='ltr'><strong>von</strong></span> <span class='ocrx_word' id='word_1_166' title='bbox 247 2623 323 2690; x_wconf 92' lang='lat' dir='ltr'><strong>den</strong></span> <span class='ocrx_word' id='word_1_167' title='bbox 360 2624 584 2690; x_wconf 89' lang='lat' dir='ltr'><strong>seheinbar</strong></span> <span class='ocrx_word' id='word_1_168' title='bbox 620 2623 811 2688; x_wconf 88' lang='lat' dir='ltr'><strong>niemlich</strong></span> <span class='ocrx_word' id='word_1_169' title='bbox 849 2623 1093 2706; x_wconf 88' lang='lat' dir='ltr'><strong>disparaten</strong></span> <span class='ocrx_word' id='word_1_170' title='bbox 1130 2623 1256 2688; x_wconf 89' lang='lat' dir='ltr'><strong>Laut-</strong></span> 
     </span>
     <span class='ocr_line' id='line_1_24' title="bbox 127 2719 1260 2804; baseline -0.003 -16"><span class='ocrx_word' id='word_1_171' title='bbox 127 2721 330 2804; x_wconf 84' lang='lat' dir='ltr'><strong>gebilden</strong></span> <span class='ocrx_word' id='word_1_172' title='bbox 367 2721 440 2788; x_wconf 87' lang='lat' dir='ltr'><strong>der</strong></span> <span class='ocrx_word' id='word_1_173' title='bbox 472 2721 659 2804; x_wconf 88' lang='lat' dir='ltr'><strong>Lesbier‚</strong></span> <span class='ocrx_word' id='word_1_174' title='bbox 698 2720 891 2786; x_wconf 89' lang='lat' dir='ltr'><strong>Boeotier</strong></span> <span class='ocrx_word' id='word_1_175' title='bbox 926 2719 1004 2784; x_wconf 91' lang='lat' dir='ltr'><strong>und</strong></span> <span class='ocrx_word' id='word_1_176' title='bbox 1035 2719 1260 2786; x_wconf 81' lang='lat' dir='ltr'><strong>Thessaler</strong></span> 
     </span>
     <span class='ocr_line' id='line_1_25' title="bbox 127 2817 1258 2902; baseline -0.002 -18"><span class='ocrx_word' id='word_1_177' title='bbox 127 2841 173 2884; x_wconf 86' lang='lat' dir='ltr'><strong>zu</strong></span> <span class='ocrx_word' id='word_1_178' title='bbox 197 2818 329 2885; x_wconf 92' lang='lat' dir='ltr'><strong>einem</strong></span> <span class='ocrx_word' id='word_1_179' title='bbox 352 2818 593 2902; x_wconf 81' lang='lat' dir='ltr'><strong>primitiven</strong></span> <span class='ocrx_word' id='word_1_180' title='bbox 623 2818 719 2885; x_wconf 89' lang='lat' dir='ltr'><strong>oder</strong></span> <span class='ocrx_word' id='word_1_181' title='bbox 743 2817 1024 2884; x_wconf 87' lang='lat' dir='ltr'><strong>Uraeolismus</strong></span> <span class='ocrx_word' id='word_1_182' title='bbox 1052 2817 1258 2899; x_wconf 82' lang='lat' dir='ltr'><strong>gelangen</strong></span> 
     </span>
    </p>
   </div>
   <div class='ocr_carea' id='block_1_4' title="bbox 126 2915 1293 3195">
    <p class='ocr_par' dir='ltr' id='par_1_6' title="bbox 126 2915 1293 3195">
     <span class='ocr_line' id='line_1_26' title="bbox 126 2915 1293 2998; baseline -0.005 -13"><span class='ocrx_word' id='word_1_183' title='bbox 126 2920 313 2998; x_wconf 78' lang='lat' dir='ltr'><strong>konnen,</strong></span> <span class='ocrx_word' id='word_1_184' title='bbox 345 2916 523 2984; x_wconf 86' lang='lat' dir='ltr'><strong>welcher</strong></span> <span class='ocrx_word' id='word_1_185' title='bbox 553 2916 832 2982; x_wconf 88' lang='lat' dir='ltr'><strong>mutmasslioh</strong></span> <span class='ocrx_word' id='word_1_186' title='bbox 856 2915 933 2980; x_wconf 88' lang='lat' dir='ltr'><strong>den</strong></span> <span class='ocrx_word' id='word_1_187' title='bbox 955 2915 1259 2998; x_wconf 80' lang='lat' dir='ltr'><strong>gemeinsamen</strong></span> <span class='ocrx_word' id='word_1_188' title='bbox 1290 2931 1293 2938; x_wconf 90' lang='lat'>·</span> 
     </span>
     <span class='ocr_line' id='line_1_27' title="bbox 126 3012 1071 3097; baseline -0.003 -15"><span class='ocrx_word' id='word_1_189' title='bbox 126 3019 482 3097; x_wconf 83' lang='lat' dir='ltr'><strong>Ausgangspunot</strong></span> <span class='ocrx_word' id='word_1_190' title='bbox 504 3013 567 3078; x_wconf 86' lang='lat' dir='ltr'><strong>ihr</strong></span> <span class='ocrx_word' id='word_1_191' title='bbox 587 3015 673 3080; x_wconf 90' lang='lat' dir='ltr'><strong>alle</strong></span> <span class='ocrx_word' id='word_1_192' title='bbox 695 3013 858 3096; x_wconf 83' lang='lat' dir='ltr'><strong>Zweige</strong></span> <span class='ocrx_word' id='word_1_193' title='bbox 880 3012 1071 3079; x_wconf 85' lang='lat' dir='ltr'><strong>bildete.“</strong></span> 
     </span>
     <span class='ocr_line' id='line_1_28' title="bbox 211 3110 1022 3195; baseline -0.002 -18"><span class='ocrx_word' id='word_1_194' title='bbox 211 3113 274 3178; x_wconf 72' lang='lat' dir='ltr'><strong>&#39;His</strong></span> <span class='ocrx_word' id='word_1_195' title='bbox 297 3110 505 3195; x_wconf 88' lang='lat' dir='ltr'><strong>praemonitis</strong></span> <span class='ocrx_word' id='word_1_196' title='bbox 527 3111 570 3176; x_wconf 89' lang='lat' dir='ltr'><strong>ad</strong></span> <span class='ocrx_word' id='word_1_197' title='bbox 592 3132 659 3178; x_wconf 91' lang='lat' dir='ltr'><strong>rem</strong></span> <span class='ocrx_word' id='word_1_198' title='bbox 682 3113 785 3194; x_wconf 88' lang='lat' dir='ltr'><strong>ipsam</strong></span> <span class='ocrx_word' id='word_1_199' title='bbox 808 3111 1022 3194; x_wconf 89' lang='lat' dir='ltr'><strong>pervenimus.</strong></span> 
     </span>
    </p>
   </div>
   <div class='ocr_carea' id='block_1_5' title="bbox 672 3277 713 3344">
    <p class='ocr_par' dir='ltr' id='par_1_7' title="bbox 672 3277 713 3344">
     <span class='ocr_line' id='line_1_29' title="bbox 672 3277 713 3344; baseline -0.024 0"><span class='ocrx_word' id='word_1_200' title='bbox 672 3277 713 3344; x_wconf 78' lang='lat' dir='ltr'><strong>A.</strong></span> 
     </span>
    </p>
   </div>
   <div class='ocr_carea' id='block_1_6' title="bbox 126 3401 1260 4074">
    <p class='ocr_par' dir='ltr' id='par_1_8' title="bbox 126 3401 1257 3582">
     <span class='ocr_line' id='line_1_30' title="bbox 216 3401 1257 3486; baseline 0.001 -20"><span class='ocrx_word' id='word_1_201' title='bbox 216 3402 242 3466; x_wconf 93' lang='grc' dir='ltr'><strong>Ι.</strong></span> <span class='ocrx_word' id='word_1_202' title='bbox 275 3403 323 3468; x_wconf 80' lang='lat' dir='ltr'><strong>Ao</strong></span> <span class='ocrx_word' id='word_1_203' title='bbox 351 3401 489 3486; x_wconf 91' lang='lat' dir='ltr'><strong>primum</strong></span> <span class='ocrx_word' id='word_1_204' title='bbox 518 3401 598 3468; x_wconf 88' lang='lat' dir='ltr'><strong>haee</strong></span> <span class='ocrx_word' id='word_1_205' title='bbox 624 3401 853 3468; x_wconf 83' lang='lat' dir='ltr'><strong>Arcadibus</strong></span> <span class='ocrx_word' id='word_1_206' title='bbox 881 3421 952 3467; x_wconf 90' lang='lat' dir='ltr'><strong>cum</strong></span> <span class='ocrx_word' id='word_1_207' title='bbox 983 3401 1257 3469; x_wconf 87' lang='lat' dir='ltr'><strong>Doriensibus</strong></span> 
     </span>
     <span class='ocr_line' id='line_1_31' title="bbox 126 3497 1257 3582; baseline -0.005 -14"><span class='ocrx_word' id='word_1_208' title='bbox 126 3500 313 3568; x_wconf 87' lang='lat' dir='ltr'><strong>eommunia</strong></span> <span class='ocrx_word' id='word_1_209' title='bbox 331 3500 460 3566; x_wconf 89' lang='lat' dir='ltr'><strong>fuerunt</strong></span> <span class='ocrx_word' id='word_1_210' title='bbox 474 3505 530 3568; x_wconf 84' lang='lat' dir='ltr'><strong>aut</strong></span> <span class='ocrx_word' id='word_1_211' title='bbox 544 3519 616 3564; x_wconf 91' lang='lat' dir='ltr'><strong>oum</strong></span> <span class='ocrx_word' id='word_1_212' title='bbox 639 3497 822 3564; x_wconf 90' lang='lat' dir='ltr'><strong>omnibus</strong></span> <span class='ocrx_word' id='word_1_213' title='bbox 843 3505 900 3563; x_wconf 88' lang='lat' dir='ltr'><strong>aut</strong></span> <span class='ocrx_word' id='word_1_214' title='bbox 914 3519 985 3564; x_wconf 92' lang='lat' dir='ltr'><strong>eum</strong></span> <span class='ocrx_word' id='word_1_215' title='bbox 1008 3497 1257 3582; x_wconf 87' lang='lat' dir='ltr'><strong>quibusdam.</strong></span> 
     </span>
    </p>

    <p class='ocr_par' dir='ltr' id='par_1_9' title="bbox 128 3593 1257 3763">
     <span class='ocr_line' id='line_1_32' title="bbox 218 3593 1257 3682; baseline -0.004 -20"><span class='ocrx_word' id='word_1_216' title='bbox 218 3602 246 3662; x_wconf 91' lang='lat' dir='ltr'><strong>l.</strong></span> <span class='ocrx_word' id='word_1_217' title='bbox 276 3595 513 3682; x_wconf 80' lang='grc' dir='ltr'><strong><em>παρετάξωνσι</em></strong></span> <span class='ocrx_word' id='word_1_218' title='bbox 534 3603 597 3679; x_wconf 84' lang='lat' dir='ltr'><strong>teg.</strong></span> <span class='ocrx_word' id='word_1_219' title='bbox 614 3599 671 3660; x_wconf 82' lang='lat'><strong>28:</strong></span> <span class='ocrx_word' id='word_1_220' title='bbox 699 3593 878 3680; x_wconf 77' lang='grc' dir='ltr'><em>παρετάζω</em></span> <span class='ocrx_word' id='word_1_221' title='bbox 902 3596 941 3663; x_wconf 83' lang='lat' dir='ltr'><strong>ei.</strong></span> <span class='ocrx_word' id='word_1_222' title='bbox 956 3597 1083 3663; x_wconf 82' lang='lat' dir='ltr'><strong>Ahr&#39;ens</strong></span> <span class='ocrx_word' id='word_1_223' title='bbox 1105 3596 1138 3660; x_wconf 93' lang='lat' dir='ltr'><strong>II</strong></span> <span class='ocrx_word' id='word_1_224' title='bbox 1161 3598 1181 3676; x_wconf 69' lang='grc' dir='ltr'>ξ</span> <span class='ocrx_word' id='word_1_225' title='bbox 1208 3599 1257 3659; x_wconf 89' lang='grc'><strong>11.</strong></span> 
     </span>
     <span class='ocr_line' id='line_1_33' title="bbox 128 3695 520 3763; baseline -0.015 0"><span class='ocrx_word' id='word_1_226' title='bbox 128 3695 257 3763; x_wconf 81' lang='lat' dir='ltr'><strong>Curtius</strong></span> <span class='ocrx_word' id='word_1_227' title='bbox 280 3696 368 3761; x_wconf 89' lang='lat' dir='ltr'><strong>verb.</strong></span> <span class='ocrx_word' id='word_1_228' title='bbox 391 3695 425 3759; x_wconf 89' lang='grc' dir='ltr'><strong>ΙΙ</strong></span> <span class='ocrx_word' id='word_1_229' title='bbox 448 3698 520 3759; x_wconf 80' lang='lat'><strong>270.</strong></span> 
     </span>
    </p>

    <p class='ocr_par' dir='ltr' id='par_1_10' title="bbox 128 3771 1260 4074">
     <span class='ocr_line' id='line_1_34' title="bbox 216 3771 1260 3880; baseline -0.001 -24"><span class='ocrx_word' id='word_1_230' title='bbox 216 3796 246 3856; x_wconf 82' lang='lat'><strong>2.</strong></span> <span class='ocrx_word' id='word_1_231' title='bbox 272 3790 388 3858; x_wconf 81' lang='grc' dir='ltr'><strong><em>δέατοι</em></strong></span> <span class='ocrx_word' id='word_1_232' title='bbox 403 3792 486 3875; x_wconf 89' lang='lat' dir='ltr'><strong>conj.</strong></span> <span class='ocrx_word' id='word_1_233' title='bbox 506 3798 570 3873; x_wconf 85' lang='lat' dir='ltr'><strong>teg.</strong></span> <span class='ocrx_word' id='word_1_234' title='bbox 590 3796 657 3880; x_wconf 43' lang='grc' dir='ltr'><strong>10.ἱ</strong></span> <span class='ocrx_word' id='word_1_235' title='bbox 676 3787 932 3855; x_wconf 78' lang='grc' dir='ltr'><strong><em>ἕπισυνὶστατοι</em></strong></span> <span class='ocrx_word' id='word_1_236' title='bbox 946 3798 1010 3874; x_wconf 84' lang='lat' dir='ltr'><strong>teg.</strong></span> <span class='ocrx_word' id='word_1_237' title='bbox 1029 3771 1085 3856; x_wconf 58' lang='grc'><strong>16)</strong></span> <span class='ocrx_word' id='word_1_238' title='bbox 1109 3791 1260 3874; x_wconf 81' lang='lat' dir='ltr'><strong>exempla</strong></span> 
     </span>
     <span class='ocr_line' id='line_1_35' title="bbox 128 3885 1260 3971; baseline -0.004 -12"><span class='ocrx_word' id='word_1_239' title='bbox 128 3895 261 3959; x_wconf 83' lang='lat' dir='ltr'><strong>exstant</strong></span> <span class='ocrx_word' id='word_1_240' title='bbox 288 3889 322 3954; x_wconf 92' lang='lat' dir='ltr'><strong>in</strong></span> <span class='ocrx_word' id='word_1_241' title='bbox 345 3889 492 3956; x_wconf 88' lang='lat' dir='ltr'><strong>dialectis</strong></span> <span class='ocrx_word' id='word_1_242' title='bbox 514 3888 759 3970; x_wconf 86' lang='lat' dir='ltr'><strong>Messeniorum,</strong></span> <span class='ocrx_word' id='word_1_243' title='bbox 790 3885 1006 3971; x_wconf 79' lang='lat' dir='ltr'><strong>Cretensium,</strong></span> <span class='ocrx_word' id='word_1_244' title='bbox 1037 3886 1166 3971; x_wconf 81' lang='lat' dir='ltr'><strong>Onossi,</strong></span> <span class='ocrx_word' id='word_1_245' title='bbox 1200 3886 1260 3954; x_wconf 81' lang='lat' dir='ltr'><strong>Oa-</strong></span> 
     </span>
     <span class='ocr_line' id='line_1_36' title="bbox 128 3985 709 4074; baseline -0.014 -18"><span class='ocrx_word' id='word_1_246' title='bbox 128 3987 275 4074; x_wconf 88' lang='lat' dir='ltr'><strong>lymniae</strong></span> <span class='ocrx_word' id='word_1_247' title='bbox 298 3987 338 4054; x_wconf 89' lang='lat' dir='ltr'><strong>cf.</strong></span> <span class='ocrx_word' id='word_1_248' title='bbox 354 3987 480 4053; x_wconf 80' lang='lat' dir='ltr'><strong>Curtius</strong></span> <span class='ocrx_word' id='word_1_249' title='bbox 502 3986 590 4052; x_wconf 77' lang='lat' dir='ltr'><strong>verb.</strong></span> <span class='ocrx_word' id='word_1_250' title='bbox 606 3985 638 4052; x_wconf 94' lang='lat' dir='ltr'><strong>II</strong></span> <span class='ocrx_word' id='word_1_251' title='bbox 660 3989 709 4051; x_wconf 87' lang='grc'><strong>66.</strong></span> 
     </span>
    </p>
   </div>
   <div class='ocr_carea' id='block_1_7' title="bbox 184 4087 1052 4139">
    <p class='ocr_par' dir='ltr' id='par_1_11' title="bbox 184 4087 1052 4139">
     <span class='ocr_line' id='line_1_37' title="bbox 184 4087 1052 4139; baseline -0.009 -8"><span class='ocrx_word' id='word_1_252' title='bbox 184 4089 287 4131; x_wconf 81' lang='lat' dir='ltr'><strong>Cnanrns</strong></span> <span class='ocrx_word' id='word_1_253' title='bbox 301 4100 322 4130; x_wconf 87' lang='lat' dir='ltr'><strong>u.</strong></span> <span class='ocrx_word' id='word_1_254' title='bbox 336 4088 460 4134; x_wconf 70' lang='lat' dir='ltr'><strong>Rauenna,</strong></span> <span class='ocrx_word' id='word_1_255' title='bbox 478 4087 572 4128; x_wconf 82' lang='lat' dir='ltr'><strong>Studien</strong></span> <span class='ocrx_word' id='word_1_256' title='bbox 585 4087 609 4126; x_wconf 82' lang='lat' dir='ltr'><strong>X.</strong></span> <span class='ocrx_word' id='word_1_257' title='bbox 1023 4089 1052 4139; x_wconf 73' lang='lat'><strong>18</strong></span> 
     </span>
    </p>
   </div>
   <div class='ocr_carea' id='block_1_8' title="bbox 0 0 1488 4866">
    <p class='ocr_par' dir='ltr' id='par_1_12' title="bbox 0 0 1488 4866">
     <span class='ocr_line' id='line_1_38' title="bbox 0 0 1488 4866; baseline 0 2"><span class='ocrx_word' id='word_1_258' title='bbox 0 0 1488 4866; x_wconf 95' lang='lat' dir='ltr'><strong> </strong></span> 
     </span>
    </p>
   </div>
  </div>
 </body>
</html>
