2986 4864
218 439 261 492 De
279 439 391 494 ablativi
408 439 437 492 in
454 438 590 494 veteribus
608 440 707 508 linguis
726 441 824 497 italicis
842 443 929 498 forma
948 449 975 500 et
992 462 1044 501 usn
1061 448 1150 502 locali.
1187 447 1247 506 405

122 611 203 677 dens
232 610 427 693 auspicator)
461 610 516 692 VI,
540 632 570 693 a,
596 617 644 678 16.
677 613 897 695 inquiramus
927 622 1033 681 autem
1064 618 1097 681 in
1128 619 1251 701 aliquot

121 708 203 773 alios
226 709 330 784 locos,
354 708 513 790 quomodo
537 728 572 774 se
594 710 745 776 babeant.
790 713 828 775 ln
850 713 916 776 tab.
940 713 992 793 Vl,
1016 713 1046 796 b,
1072 719 1109 779 51
1135 717 1250 778 combi-

112 804 199 890 fiotu
227 803 341 888 copeJe
371 807 489 868 aniceto
518 808 712 891 (auspicator
739 807 783 892 ad
812 808 870 885 tin)
899 808 1034 893 vapides
1063 812 1249 880 avieeulosl.

122 902 223 968 Vides
245 902 307 966 boo
330 923 410 985 opus
432 902 536 968 locum
560 905 723 987 quendam
745 925 856 971 versus
871 905 948 972 fieri.
982 906 1105 975 Eadem
1121 903 1251 976 dicendi

121 1001 203 1065 ratio
226 1006 377 1083 apparet:
404 1010 456 1063 tro
478 997 577 1064 Soluto
599 1001 751 1086 loupifiaio
774 1008 876 1075 (trans
899 1005 1033 1070 Sahtam
1054 1009 1250 1090 auspicatur)

121 1097 202 1180 1,.b,
227 1100 283 1180 353
306 1097 450 1180 oupejem
474 1097 633 1181 uoielrlufe
653 1098 805 1183 loupifiar'o
827 1102 852 1182 I,
876 1102 907 1183 b,
933 1106 980 1167 14.
1025 1102 1119 1186 Quid,
1142 1123 1251 1171 nonne

122 1203 170 1262 est
191 1187 260 1261 veri
276 1195 380 1261 simile
395 1202 503 1261 nostro
519 1196 589 1261 loco
606 1196 715 1263 sedem
731 1198 901 1282 nominari,
924 1219 965 1266 ex
980 1221 1044 1284 qua
1058 1201 1129 1283 quis
1144 1202 1250 1285 auspi·

121 1293 186 1359 cari
204 1291 333 1374 debeat,
356 1299 390 1357 ut
412 1293 457 1358 sio
473 1301 711 1360 convertamus:
734 1295 979 1378 otuternacula
1003 1299 1120 1372 sedeas,
1146 1301 1251 1383 auspi-

122 1399 213 1454 cutor
239 1391 308 1456 sive
331 1389 368 1452 ab
392 1387 558 1474 aedificato
579 1392 652 1454 sede
675 1394 871 1478 auspicatam
901 1395 987 1478 quod
1016 1396 1123 1462 verbis
1153 1402 1252 1480 atque

121 1487 233 1555 sensui
255 1507 321 1552 non
344 1495 512 1571 repugnat.

210 1590 240 1661 4)
264 1584 396 1647 mutuat
411 1606 468 1648 ocu
483 1595 569 1648 eluto
592 1586 719 1663 (eadem
735 1589 789 1653 via
806 1596 912 1672 eunto,
936 1589 1078 1673 Buech.),
1102 1591 1127 1673 I,
1145 1592 1176 1673 b,
1194 1595 1251 1676 233

123 1682 261 1749 eundem
292 1701 420 1748 sensum
448 1683 556 1749 verbis
584 1683 714 1766 erosont
734 1688 785 1748 oio
808 1695 893 1748 etum
922 1686 1078 1751 contineri
1105 1694 1250 1770 apparet,

122 1801 223 1864 quare
245 1779 352 1845 Breali
382 1780 603 1863 interpretatio
632 1781 755 1844 eosdem
778 1784 845 1845 cios
867 1793 960 1845 cocto
987 1784 1094 1867 placet
1115 1783 1252 1851 fortasse

122 1876 289 1943 nonnullis
311 1877 498 1959 putantibus
521 1898 560 1944 ex
583 1878 692 1944 formis
715 1887 894 1961 quaesunt
916 1879 1062 1962 erosssoot
1082 1881 1163 1963 vcors
1179 1902 1252 1946 con-

122 1979 292 2042 sonantem
306 1974 340 2057 s
355 1973 529 2060 excidisse3
553 1995 635 2059 quae
658 1975 766 2060 opinio
789 1976 991 2043 confirmatur
1007 1997 1054 2060 eo,
1078 1978 1163 2060 quod
1187 1987 1251 2050 out,
1366 2023 1369 2030 f
1487 1971 1488 2050 i

122 2072 200 2136 bont
221 2072 262 2138 ab
278 2073 377 2138 verbo
393 2072 512 2136 huntolf
527 2074 582 2137 vix
599 2071 735 2156 disiungi
760 2081 873 2157 potest.
904 2076 972 2141 Nec
988 2076 1095 2158 placet
1110 2075 1252 2142 bueche-

122 2171 182 2236 leri
199 2169 360 2235 sententia
376 2180 438 2243 out,
462 2170 539 2232 bont
555 2190 595 2235 ex
609 2170 691 2253 sont
712 2179 780 2249 (era
794 2206 836 2217 —
851 2171 930 2249 font)
953 2180 1055 2238 ortum
1072 2192 1153 2258 esse,
1177 2174 1252 2256 quia

122 2267 214 2332 initio
237 2266 366 2350 quidem
389 2267 477 2333 vocis
500 2268 662 2333 umbricae
689 2276 902 2336 consonantes
925 2270 1025 2337 deleri
1049 2291 1114 2335 non
1137 2270 1251 2337 solent.

124 2365 273 2431 (laterum
304 2364 428 2430 etiamsi
450 2365 526 2429 illos
548 2385 642 2431 casus
669 2366 829 2432 ablativos
858 2386 928 2433 esse
954 2373 1180 2449 statueremus,
1213 2387 1253 2434 ea

123 2481 158 2528 re
181 2481 383 2544 nequaquam
407 2462 597 2545 probaretur
619 2459 794 2528 ablativum
816 2464 857 2528 ab
873 2463 1004 2529 Umbris
1027 2465 1159 2529 locativi
1181 2466 1251 2530 loco

123 2559 262 2643 positum
279 2577 359 2625 esse.
391 2560 497 2625 Potuit
512 2559 597 2624 enim
620 2557 672 2623 bic
694 2559 854 2625 ablativus
876 2579 916 2626 ex
940 2580 976 2626 eo
1000 2562 1252 2629 instrumentalis

123 2675 219 2722 casus
242 2677 301 2722 usu
323 2655 436 2738 fluere,
466 2676 528 2738 quo
552 2655 706 2738 spatium,
730 2676 865 2738 quocum
888 2656 964 2738 quid
987 2659 1151 2739 cohaeret,
1183 2658 1252 2724 sive

123 2754 228 2835 viam,
263 2773 326 2836 qua
349 2753 419 2836 quis
448 2752 666 2836 proficiscitur,
696 2753 853 2836 significat
881 2760 929 2833 (ut
952 2744 1038 2838 iugis
1060 2753 1251 2838 Octogesam

123 2852 319 2936 perveniret,
342 2849 458 2927 Caes).
1030 2897 1033 2902 -

211 2948 284 3012 Non
307 2949 411 3031 magis
433 2947 472 3013 iis
496 2947 603 3014 verbis
626 2967 709 3030 quae
730 2948 837 3029 tabl,
859 2947 889 3029 b,
907 2950 946 3012 48
969 2948 1106 3032 legimus
1128 2949 1255 3012 err'taut

124 3046 255 3109 raderus
277 3046 322 3116 tin
345 3045 459 3110 iisdem
483 3043 610 3122 finibus)
633 3043 792 3112 sententia
814 3063 887 3110 mea
908 3044 1074 3129 refellitur,
1100 3047 1253 3130 quoniam
1364 3082 1369 3089 κ

124 3133 286 3208 ablativus
315 3143 449 3225 pluralis
479 3144 602 3209 numeri
632 3163 672 3209 ex
696 3143 838 3208 ablativo
868 3149 900 3210 et
928 3144 1066 3210 locativo
1090 3143 1252 3210 confluxit.

211 3239 363 3305 Fortasse
377 3239 454 3304 mibi
471 3239 587 3322 aliquis
604 3240 732 3306 obiiciat
747 3260 783 3302 oo
800 3238 896 3316 (bum)
912 3241 1193 3324 praepositionem,
1209 3242 1251 3306 ab

125 3336 256 3404 Umbris
268 3337 470 3402 substantivo
486 3356 620 3419 quocum
637 3339 789 3403 cohaeret
803 3355 930 3419 semper
947 3338 1157 3420 postpositam
1170 3343 1202 3402 et
1213 3356 1253 3402 ea

125 3434 192 3501 lere
215 3439 375 3519 potestate
390 3453 484 3515 quam
500 3434 599 3499 habet
621 3434 755 3498 latinum
772 3433 815 3494 od
834 3431 1023 3516 praeditam,
1047 3453 1112 3497 non
1127 3438 1251 3497 tantum

125 3551 196 3598 cum
221 3530 355 3615 pluralis
377 3531 434 3595 sed
458 3531 553 3595 etiam
576 3549 648 3594 cum
666 3529 838 3612 singularis
860 3530 985 3594 numeri
1005 3527 1157 3594 ablativis
1180 3548 1253 3594 cou-

125 3629 215 3712 iungi
238 3629 271 3692 in
294 3627 346 3692 his
369 3628 525 3711 exemplis
548 3627 693 3690 destrues
717 3627 812 3711 persi
838 3625 892 3699 (ad
915 3625 1081 3691 dexteram
1103 3629 1251 3710 postem),

125 3725 282 3790 calutum
303 3723 401 3787 Jucio
423 3725 479 3804 (ad
501 3723 617 3791 aedem
633 3724 777 3799 lovium).
809 3722 874 3788 Sed
891 3723 1088 3806 intellegitur
1109 3722 1163 3788 hic
1177 3743 1253 3788 usus

126 3843 168 3890 ex
187 3821 436 3907 praepositionis
447 3821 519 3885 bum
530 3823 593 3902 (oo)
613 3828 738 3903 natura,
753 3820 872 3904 quippe
885 3839 967 3902 quae
979 3819 1138 3903 significet
1150 3840 1253 3904 prope

126 3922 170 3984 nd
190 3926 287 4002 atque
310 3918 456 3986 similiter
477 3919 670 3986 adhibeatur
691 3938 729 3985 ac
750 3919 879 3980 recinet
899 3917 1067 4002 (proxime)
1089 3917 1110 3980 i.
1130 3935 1157 3982 e.
1181 3936 1253 3982 cum

126 4017 271 4084 ablativo
293 4018 424 4079 oesimci
444 4038 499 4080 osu
520 4017 628 4080 deamo
650 4022 816 4099 (proxume
838 4013 880 4079 ab
903 4034 960 4079 ara
982 4013 1068 4090 dev.)
1090 4015 1144 4098 VI,
1168 4034 1197 4096 a,
1222 4017 1252 4095 9,
