2986 4864
470 414 512 470 De
530 415 667 471 Alemanis
685 422 783 486 poetae
801 418 924 474 dialecto.
1200 421 1261 484 369

134 607 279 659 manem:
317 583 539 673 μαθήσιος
561 587 598 652 fr.
623 591 679 681 63,
708 588 898 673 Σαρδίων
922 592 1040 675 fr.=25;
1072 593 1262 664 adversatur

133 705 196 749 vox
221 679 365 767 ὄρνεις
387 688 483 761 (nom.
507 687 601 769 plur.)
625 685 660 752 tr.
686 689 738 767 18,
770 706 852 770 quae
873 689 1048 754 seeundum
1070 690 1175 774 legem
1197 694 1261 760 Do·

132 782 212 847 ridis
236 777 349 864 ὅρνιες
371 787 508 849 sonaret.
549 783 623 848 Non
645 784 750 848 minus
771 785 813 848 ab
836 785 1016 868 antiquiore
1040 788 1161 855 Doride
1184 790 1261 858 alie·

132 901 210 946 num
234 885 284 946 est
305 882 472 946 numerale
494 891 610 965 τρεῖς
633 885 711 957 (aee.
732 880 826 964 plur.)
848 881 886 947 ir.
904 886 944 947 76
966 904 1023 967 pro
1045 895 1129 969 τρῖς,
1152 907 1262 970 quam·

132 997 230 1060 quam
252 977 334 1042 haee
362 977 464 1043 forma
488 977 521 1042 in
544 977 758 1044 monumentis
781 985 918 1044 aeterum
943 980 1073 1048 Doridis
1094 985 1261 1052 tenaeibus

132 1073 326 1158 eompluries
348 1075 492 1140 oeourrit.
520 1111 563 1122 -
595 1076 769 1141 Testantur
789 1076 990 1158 grammatici
1013 1079 1142 1161 quidam
1164 1081 1199 1146 in
1220 1082 1260 1148 iis

133 1172 328 1254 nominibus,
352 1191 434 1255 quae
449 1170 469 1235 6
485 1173 582 1256 vulgo
598 1171 766 1252 aseiseunt,
787 1173 960 1240 Dorienses
974 1175 1161 1259 repudiasse
1176 1179 1260 1244 hano
1302 1257 1306 1264 „

131 1269 271 1352 literam,
295 1289 377 1352 quae
399 1276 448 1336 est
470 1277 701 1338 eeonsonante
714 1269 739 1354 j
759 1271 922 1353 quondam
945 1278 1051 1355 enata,
1075 1293 1169 1355 quam
1193 1294 1260 1340 rem

132 1367 222 1432 haud
244 1386 349 1451 panea
369 1366 501 1432 nomina
522 1367 654 1451 propria
675 1369 895 1450 eomprobant,
917 1368 975 1434 sed
993 1369 1100 1435 minus
1115 1372 1261 1438 substan·

132 1464 201 1529 tiva
223 1466 432 1549 appellativa.
470 1464 576 1530 Unum
598 1463 734 1530 tortasse
756 1466 940 1548 exemplum
962 1466 1049 1550 apud
1071 1468 1260 1535 Alemanem

132 1558 277 1639 ἆΐτιας
299 1562 336 1629 fr.
362 1565 433 1644 118,
464 1566 657 1646 quamqualn
680 1562 758 1628 satis
780 1562 950 1645 incertum
980 1563 1039 1629 sed
1062 1563 1260 1644 νεάνιδες

132 1659 168 1724 lr.
195 1663 245 1724 18.
1159 1681 1164 1689 ·

219 1757 330 1822 Futuri
352 1754 511 1838 sigmatiei
534 1756 615 1821 ratio
638 1754 725 1838 apud
745 1757 917 1822 Dorienses
939 1756 1107 1838 evulgari
1131 1755 1259 1824 diversa

133 1862 191 1935 est,
215 1874 288 1919 oum
310 1855 437 1937 spirans
452 1854 476 1937 j
496 1854 648 1936 antiquae
665 1853 899 1919 terminationis
913 1851 1010 1936 sjomi
1029 1853 1169 1934 aliquam
1193 1856 1259 1919 vim

131 1951 300 2018 retinuerit
322 1951 372 2029 (et.
396 1949 522 2017 Curtius
545 1951 685 2016 Verbum
705 1952 738 2040 11
761 1953 823 2015 292
839 1952 931 2032 sqq.).
973 1949 1037 2015 Sed
1060 1970 1124 2015 non
1147 1971 1258 2018 omnes

132 2048 264 2115 Doridis
279 2049 403 2132 speeies
418 2047 547 2114 easdem
564 2047 682 2114 formas
704 2048 850 2113 offerunt.
881 2049 966 2111 Ante
981 2070 999 2110 o
1018 2053 1051 2112 et
1066 2070 1092 2110 ω
1108 2049 1230 2115 voealis
1246 2075 1259 2114 ι

131 2145 227 2211 modo
239 2145 409 2229 invenitur,
425 2145 521 2212 modo
537 2167 602 2211 non
617 2145 794 2211 invenitur:
809 2147 1001 2230 βοαθησίω,
1013 2149 1256 2232 βοαθησίοντι;

131 2237 309 2323 anesten.
345 2245 384 2308 In
407 2243 586 2310 Laeonieae
608 2243 738 2310 dialeeti
760 2243 901 2329 fontibus
924 2260 1021 2306 unum
1044 2249 1132 2308 extat
1153 2261 1259 2310 exem·
1282 2270 1285 2276 ·

131 2341 220 2424 plum
244 2337 424 2422 πωτάὸμαι
439 2341 573 2425 Lysistr.
593 2345 687 2419 tela,
708 2341 836 2406 videtur
857 2341 953 2423 igitur
968 2340 1001 2404 in
1017 2358 1057 2406 ea
1071 2359 1136 2406 non
1152 2341 1257 2408 minus

132 2458 227 2521 quam
257 2437 290 2501 in
320 2438 457 2504 dialeeto
480 2437 741 2503 Heracleensium
770 2439 892 2502 voealis
915 2461 928 2501 ι
950 2457 1014 2501 non
1043 2455 1170 2520 semper
1195 2458 1259 2504 ser-

51 2555 53 2560 ·
131 2543 207 2600 vata
223 2555 302 2601 esse.
334 2535 430 2619 Apud
441 2536 629 2615 Alemanem
645 2536 809 2616 leguntur:
834 2531 951 2599 δώσω
966 2533 1003 2599 ir.
1017 2537 1056 2598 33
1074 2533 1127 2597 ubi
1144 2532 1257 2601 δωσίω

60 2623 63 2628 ’
132 2641 233 2698 metro
256 2640 460 2716 repugnaret,
484 2629 735 2720 παρήσομες
757 2652 830 2716 pap.
850 2637 876 2694 1.
896 2635 950 2711 123
975 2627 1178 2712 ἀείσομαι
1201 2637 1254 2715 593

36 2722 41 2725 ’
132 2729 246 2796 eadem
261 2727 364 2795 forma
385 2731 502 2813 legitur
523 2730 595 2795 fni
619 2729 730 2795 codiee
751 2729 926 2812 praebente
943 2724 999 2792 del
1015 2748 1137 2809 σοιμε,
1162 2749 1179 2795 e
1195 2750 1258 2811 qua
1274 2773 1283 2784 -

130 2829 269 2894 leotione
291 2828 358 2893 noli
373 2824 548 2910 ἀεισίομαι
564 2829 742 2893 ennoleare.
772 2825 922 2892 Secunda
937 2831 969 2890 et
984 2824 1078 2890 tertia
1100 2845 1258 2907 personae

131 2926 228 2990 aetivi
244 2926 405 3008 evulgari
429 2926 557 2992 ratione
574 2945 636 2990 uno
655 2931 788 2991 aneentu
811 2923 978 2988 differunt:
1002 2933 1160 3008 φασεῑς
1183 2943 1259 3007 pap.
1320 2975 1321 2978 η

133 3026 162 3088 3.
178 3029 208 3104 5,
231 3022 275 3088 ad
290 3023 381 3106 eujus
402 3023 587 3106 analogiam
609 3031 815 3087 καταυσεῑ
823 3043 839 3097 ς
855 3021 964 3103 Bergk
988 3019 1058 3086 sine
1080 3020 1171 3085 libris
1186 3021 1261 3086 seri·

112 3107 247 3203 'psitit
265 3123 316 3184 97.
347 3118 412 3186 Sed
435 3115 676 3204 ὖπαυλήσει
696 3119 734 3185 fr.
752 3121 802 3199 78,
821 3120 1005 3203 παρέξει
1029 3117 1066 3183 fr.
1083 3121 1134 3182 75.
1166 3119 1261 3185 Aliae

130 3217 254 3282 formae
275 3238 340 3282 non
363 3219 572 3301 reperiuntur.
689 3251 693 3266 ·
860 3257 862 3260 -

219 3314 346 3381 Deinde
368 3316 463 3381 exiis
485 3334 589 3399 panea
604 3312 770 3380 afferenda
786 3320 868 3394 sunt,
892 3313 925 3376 in
941 3313 1056 3395 quibus
1071 3311 1258 3396 formandis,

132 3431 204 3477 eum
233 3411 378 3478 Graecae
405 3413 537 3496 linguae
565 3413 675 3478 variae
708 3411 781 3475 viae
813 3416 975 3492 paterent,
1009 3408 1076 3474 alia
1105 3407 1259 3475 dialeetus

130 3509 229 3575 aliam
253 3509 408 3575 rationem
430 3510 511 3574 iniit.
555 3509 594 3574 In
618 3508 727 3577 dativo
756 3505 873 3590 plurali
899 3506 1013 3571 tertiae
1036 3503 1259 3570 deelinationis

132 3606 217 3672 duae
240 3607 481 3674 terminationes
503 3629 557 3671 -σι
578 3612 610 3671 et
631 3627 726 3671 -soor
748 3605 781 3668 in
803 3623 861 3668 usu
880 3608 982 3684 erant,
1006 3601 1155 3684 equibus
1178 3601 1281 3668 haee
1366 3653 1371 3669 ι

132 3703 220 3787 apud
244 3701 346 3770 Dores
368 3705 571 3788 frequentior.
616 3701 712 3787 Apud
734 3700 921 3766 Alemanem
952 3699 1129 3766 breviorem
1151 3699 1259 3764 termi-

132 3801 309 3866 nationem
326 3801 432 3868 ferunt
459 3802 575 3886 stirpes
602 3800 637 3865 in
666 3823 719 3876 -ες
748 3804 915 3866 exeuntes:
953 3793 1137 3882 φύκεσσι
1166 3791 1202 3860 fr.
1228 3800 1256 3879 6,

133 3894 313 3962 odirent
335 3898 372 3963 fr.
399 3903 447 3981 13,
470 3903 650 3982 βένθεσι
672 3896 710 3962 ir.
735 3899 784 3978 66,
808 3901 976 3979 praeterea
996 3898 1120 3979 χερσί
1142 3893 1256 3976 free,

132 4013 215 4077 quae
244 3996 346 4060 torma
375 3997 481 4062 etiarn·
499 3995 586 4077 apud
609 3994 813 4078 Sophronam,
830 3992 867 4056 fr.
891 3994 931 4054 65
954 3991 1056 4069 (Ahr.)
1079 3990 1256 4074 invenitur,

184 4095 287 4138 cunutus
300 4108 322 4137 u.
335 4097 463 4144 Beneuen,
481 4095 574 4137 Studien
588 4095 613 4136 x.
1021 4093 1054 4143 24
