2968 4866
398 347 575 448 Quaestiones
593 379 812 452 dialectologioae
828 398 950 450 graecae.
1175 386 1236 449 303

192 553 289 634 Quod
311 554 451 619 sumita
476 553 533 634 sit,
562 555 662 621 multo
691 555 794 637 magis
821 556 899 621 mibi
927 556 1047 623 arridet
1075 555 1237 628 sententia

108 671 228 732 eorum,
253 650 307 734 qui
329 649 490 718 adieetiva
511 650 570 718 illa
591 653 624 717 in
647 675 739 738 ηρος,
763 653 853 739 ηλος,
876 660 966 738 ᾶρος,
993 653 1072 731 istor
1094 657 1135 722 ab
1158 658 1237 741 ipsis

108 748 217 816 verbis
240 749 413 816 eontraetis
434 749 469 813 in
491 753 564 828 -έω,
596 748 663 814 -άω
682 739 891 818 1111111111
914 751 1114 836 existimant,
1144 775 1236 838 prae-

108 847 217 915 sertim
241 865 312 912 onm
335 853 391 912 aut
419 847 538 931 paria
566 854 634 912 ant
665 847 822 915 similia
843 850 885 915 in
912 850 1101 925 omnibus
1123 871 1236 936 repe-

107 944 439 1028 rianturlinguis
460 944 821 1028 iudogermaniois.
852 948 948 1015 Velut
963 942 1138 1016 Corssenus
1154 955 1234 1029 (voo.

107 1042 216 1119 1304)
239 1040 331 1107 dioit:
354 1042 564 1120 ,Zalreieben
586 1042 769 1127 Rildungen
791 1045 997 1112 lateiniseber
1018 1046 1159 1129 nomina,
1184 1047 1236 1114 die

107 1160 166 1204 vor
184 1139 289 1206 ihrem
305 1139 552 1207 Nominalsuffix
566 1140 661 1206 einen
683 1141 804 1224 langen
820 1144 919 1211 Voeal
934 1153 960 1216 ῑι,
986 1151 1012 1218 o,
1036 1155 1060 1217 e,
1083 1155 1113 1217 a,
1138 1159 1148 1208 ῑ
1170 1144 1236 1210 aul·

46 1302 49 1312 ,
106 1237 239 1318 weisen,
263 1237 370 1321 liegen
385 1239 525 1306 namllob
542 1237 782 1306 denominative
798 1239 904 1307 Verba
919 1261 956 1306 zu
972 1241 1114 1322 Grande,
1136 1241 1236 1308 deren

106 1335 253 1402 Stamme
274 1335 329 1400 ant
355 1340 385 1410 ᾶ,
411 1347 427 1398 1
449 1343 509 1404 111.
531 1338 719 1419 auslauten,
748 1338 837 1404 nieht
865 1338 915 1404 als
940 1339 980 1404 ob
1006 1339 1118 1422 jedem
1140 1340 1236 1423 jener

107 1433 250 1498 Nomina
263 1432 298 1497 in
314 1433 544 1501 Wirkliohkeit
559 1434 722 1517 jedesmal
744 1443 809 1502 erst
831 1437 883 1500 ein
906 1436 1032 1504 solohes
1051 1437 1236 1504 denomina-

107 1531 190 1596 tives
220 1529 360 1596 Verbum
388 1552 660 1616 vorangegangen
690 1541 792 1614 ware,
826 1533 966 1600 sondern
994 1534 1153 1602 naebdem
1183 1536 1236 1603 die

107 1631 253 1716 Spraohe
275 1630 395 1696 einmal
417 1628 620 1713 angelangen
642 1631 740 1712 batte,
764 1650 828 1695 von
849 1631 977 1714 einiger
1001 1632 1106 1698 dieser
1128 1634 1237 1699 Verba

108 1729 220 1797 solohe
235 1728 376 1794 Nomina
394 1749 432 1794 zu
454 1728 575 1811 bilden,
599 1728 731 1795 worden
753 1729 836 1794 naob
853 1729 1012 1812 Analogia
1034 1728 1139 1796 dieser
1160 1730 1235 1798 letu-

107 1837 200 1896 111111
223 1817 430 1892 unmittelbar
452 1825 555 1910 dergl.
579 1826 719 1892 Nomina
739 1824 915 1908 gebildet.“
944 1826 1018 1892 Tali
1041 1846 1116 1894 vero
1138 1828 1234 1896 modo

107 1947 129 1993 a
146 1924 256 1992 verbis
277 1924 315 1989 in'
333 1935 385 1986 ere
406 1923 542 1991 formata
564 1930 638 1990 sunt
660 1943 687 1990 e.
703 1944 733 2007 g.
757 1923 885 1986 candela
901 1946 908 1987 :
925 1923 1068 1996 candere,
1092 1926 1234 1992 medela:

108 2023 232 2090 mederi
252 2027 327 2088 eto·
344 2021 383 2087 of.
405 2021 591 2090 Sobleiober
613 2025 733 2105 oomp.³
755 2024 775 2102 ξ
798 2025 870 2087 220.

194 2117 368 2186 Latissime
382 2118 559 2195 suffixam,
583 2122 614 2183 la
637 2123 698 2198 (rol,
722 2120 766 2198 la)
789 2138 847 2205 per
869 2120 1053 2186 slavioas
1070 2120 1236 2204 divulgata
1279 2192 1282 2197 ,

109 2226 184 2286 sunt
213 2219 351 2300 linguas.
395 2219 434 2283 In
463 2218 528 2284 illis
557 2219 642 2285 enim
666 2216 778 2284 suffixo
802 2217 834 2282 lo
856 2218 898 2284 ab
921 2239 1113 2301 unaquaque
1135 2218 1237 2304 stirpe

108 2317 236 2384 verbali
266 2315 377 2399 partie.
400 2323 501 2399 praet.
530 2324 591 2392 aot.
614 2317 751 2383 formare
773 2317 857 2382 lieet.
891 2315 930 2382 of.
953 2317 1039 2399 bulg.
1063 2315 1152 2380 da-bt
1183 2319 1237 2400 qui

110 2415 212 2498 dedit,
235 2412 347 2498 per-lo
370 2414 422 2495 qui
446 2415 547 2497 ooxit,
572 2411 665 2500 pri-lot
688 2415 741 2498 qni
763 2414 887 2481 oeoidit.
932 2412 1117 2497 Comparari
1140 2414 1237 2498 igitur

110 2519 247 2599 possunt
279 2530 306 2577 1.
330 2531 361 2594 g.
392 2507 574 2596 iidie-jeai
599 2533 619 2578 a
643 2508 734 2576 itata
758 2538 764 2576 :
787 2507 907 2574 {latitet
933 2541 976 2563 =
1004 2509 1187 2596 *mopdjeaa
1215 2535 1236 2578 a

111 2609 223 2698 φόρος
240 2632 247 2673 :
264 2604 417 2695 ὀκνηρός,
442 2606 558 2689 ὀκνέω,
582 2606 690 2686 ὄκνος.

197 2705 325 2790 Optime
340 2725 416 2772 vero
431 2714 541 2774 nostra
563 2706 603 2774 de
625 2708 686 2774 bao
708 2726 742 2774 re
757 2705 919 2772 sententia
941 2725 980 2772 eo
1001 2707 1234 2790 comprobatur,
1296 2711 1299 2719 ⁴

110 2805 197 2890 quod
220 2805 253 2869 in
277 2805 527 2871 sanseritioa
549 2823 674 2888 quoque
696 2804 822 2886 lingua,
851 2803 884 2868 in
907 2803 1084 2871 recentiore
1110 2805 1235 2886 saltem,

110 2902 273 2970 interdum
301 2920 321 2965 a
348 2902 455 2968 verbis
483 2904 577 2970 olass.
604 2903 636 2968 X
666 2909 698 2968 et
726 2901 771 2967 IV
806 2901 935 2986 syllaba
962 2901 998 2986 oj
1025 2909 1154 2969 servata
1181 2902 1236 2968 ad·

108 3002 230 3070 ieotiva
258 3000 293 3064 in
322 2998 388 3062 -dlu
418 2998 604 3068 derivantur
632 3021 659 3068 e.
686 3021 717 3084 g.
746 2999 867 3084 oojdldr
892 2997 966 3085 asp·
992 3000 1235 3084 somnioulosus,

109 3095 292 3185 spirbajr‘rlda
313 3095 433 3182 ‘sopp-lo
454 3098 580 3166 avidus.

197 3197 237 3262 ln
269 3194 330 3262 boe
361 3197 457 3279 igitur
489 3216 593 3264 rernm
622 3202 709 3264 statu
742 3195 938 3264 contendere
966 3217 1032 3262 non
1061 3195 1172 3262 dubito
1202 3196 1236 3261 in

109 3315 230 3381 graeca
252 3313 377 3377 quoqne
399 3293 511 3376 lingua
532 3294 693 3377 quondam
723 3295 933 3361 verborum
959 3292 1235 3359 derivatorum

111 3393 333 3476 stirpibus,
357 3397 392 3456 nt
414 3397 500 3459 nova
522 3392 680 3474 quaedam
703 3391 864 3457 adieetiva
886 3397 1059 3471 orerentur,
1083 3390 1237 3456 suffixa
1321 3451 1322 3454 ,

112 3516 174 3578 ρο,
197 3492 244 3556 lo
267 3508 360 3557 esse
382 3489 533 3556 addita.
572 3490 719 3555 Proxime
741 3495 858 3571 antem,
882 3486 968 3570 quod
990 3487 1118 3568 quidem
1140 3487 1238 3569 signi·

111 3589 293 3656 ficationem
321 3587 452 3670 attinet,
489 3587 532 3654 ad
563 3587 649 3654 huno
677 3593 794 3654 statum
822 3584 979 3652 aooedunt
1013 3582 1174 3650 adieetiva
1202 3591 1238 3650 ut

112 3683 282 3774 ἂλιτηρός,
306 3681 480 3772 ἀπατηλός
495 3685 616 3765 (bom),
640 3681 836 3771 ὀλισθηρός,
861 3678 1002 3767 ὀκνηρός
1017 3688 1078 3748 111.
1108 3682 1238 3749 Seilieet

112 3784 273 3854 historiois
292 3803 430 3867 graesae
455 3784 584 3866 linguae
605 3783 802 3866 temporibus
824 3781 969 3848 homines
991 3799 1087 3846 verae
1108 3779 1236 3846 illorum

112 3883 343 3951 adieetivornm
377 3879 510 3964 originis
537 3881 628 3948 obliti
661 3881 765 3964 ipsam
797 3880 941 3946 voealem
976 3904 993 3965 η
1023 3898 1094 3943 oum
1123 3877 1237 3946 suffixo

112 3979 371 4062 coniungendam
395 3997 466 4044 esse
488 3979 609 4064 opinati
632 3985 699 4044 tota
719 3978 778 4044 illa
800 4000 862 4064 ηρο
886 3985 918 4043 11
940 3977 999 4064 plo
1023 3998 1043 4043 a
1065 3978 1172 4044 verbis
1194 3977 1237 4044 ad
