2968 4866
388 411 566 481 Quaestiones
585 411 804 479 dialeelalogicae
820 426 941 480 graecae.
1167 410 1232 472 319

186 587 222 663 b)
256 583 379 650 vocalis
401 608 421 669 η
445 584 733 650 contractione
755 604 796 650 ex
819 593 924 663 ε-)-ο
948 593 1026 652 nata
1047 593 1106 654 est.

191 688 220 761 1)
260 681 379 768 δῆλος)
412 701 476 747 nen
506 681 590 746 enim
618 682 657 748 G.
681 681 788 756 Curtio
815 686 943 766 (οῒγιιι.4
971 687 1045 762 604)
1073 683 1233 752 assentior

105 782 206 869 δῆλος
236 778 395 865 prodiisse
417 797 458 845 ex
482 776 635 863 δινηλος,
667 778 797 866 dialog,
822 779 939 866 djnlog
960 781 1131 863 iudicanti,
1158 800 1231 848 eum

105 881 343 948 demonstrasse
365 896 462 960 supra
484 876 562 942 mihi
585 877 697 943 videar
720 878 807 961 apud
823 880 964 947 Graeeos
984 879 1134 946 suffixum
1152 877 1232 965 aso

100 995 204 1062 purae
237 973 337 1042 radiei
370 993 435 1040 non
468 993 540 1040 esse
572 973 718 1059 affixum3
755 996 830 1041 nam
864 977 949 1059 quod
983 977 1039 1044 ille
1071 976 1234 1044 adieetivu

105 1075 226 1161 ἕκηλος
245 1075 306 1140 hae
320 1072 354 1137 in
369 1091 404 1137 re
419 1070 538 1154 nititur,
561 1071 658 1138 valde
674 1073 822 1140 dubitare
844 1075 928 1156 lieet,
952 1075 1074 1141 vocalis
1090 1099 1108 1160 η
1126 1082 1230 1142 utrum

104 1194 175 1239 eum
191 1170 304 1237 suffixo
320 1190 362 1234 an
380 1188 450 1234 eum
467 1168 576 1235 radies
591 1169 641 1246 (es.
655 1167 793 1258 ἕκ-η-τι,
811 1171 878 1238 der.
894 1171 1047 1238 fida-e't-ss
1063 1174 1164 1238 illem.
1178 1177 1233 1249 36)

103 1267 329 1350 coniungenda
351 1266 400 1332 sit.

190 1367 391 1448 Quamquam
421 1382 463 1428 ne
491 1383 561 1429 eum
585 1364 768 1448 Brugmauo
797 1369 925 1451 quidem
956 1370 1013 1447 (lv
1039 1371 1112 1447 147)
1139 1367 1233 1449 lanio,

105 1466 158 1548 qui
183 1463 283 1547 δῆλος
300 1459 343 1527 ad
366 1458 542 1544 *djasaloc
565 1461 704 1547 reduait3
727 1484 767 1531 ex
789 1467 846 1532 lali
862 1467 947 1533 enim
970 1467 1072 1533 forma
1086 1467 1120 1531 in
1135 1467 1237 1532 attiea

104 1564 244 1630 dialeeto
266 1558 406 1635 *δεῐλος
428 1577 492 1624 non
518 1557 621 1645 δῆλος
645 1561 719 1626 oriri
743 1561 891 1630 debebat.
921 1564 1027 1644 Quare
1043 1565 1114 1631 sine
1136 1563 1237 1629 dubio

105 1657 312 1743 digammatis
334 1656 365 1720 vi
389 1661 465 1722 ante
488 1657 647 1722 vocalium
670 1662 919 1727 contractionem
942 1660 1121 1745 *ejeseaog
1150 1661 1233 1727 illud
1364 1652 1367 1660 '

106 1757 157 1836 (ei.
183 1754 312 1832 δέελος)
335 1754 369 1818 in
391 1751 575 1840 *djnfeioc
598 1755 649 1830 (el.
674 1751 844 1842 εὕδήελος,
868 1758 953 1840 quod
981 1780 1039 1842 pro
1062 1756 1233 1836 ἕνδείελος

106 1860 195 1935 [ante
211 1851 378 1920 Euelidem
394 1849 560 1930 ἐνδεελος]
582 1851 786 1919 seribendum
803 1875 873 1922 esse
889 1857 1091 1938 Brugmanus
1106 1855 1237 1933 eoniuit)

106 1958 262 2018 mutatum
293 1969 365 2016 esse
394 1949 583 2016 sumendum
607 1958 664 2016 est.
708 1951 822 2029 Δᾶλος
850 1953 989 2036 denique
1016 1958 1085 2030 (att.
1108 1952 1235 2038 Δῆλος)

109 2071 180 2116 uum
204 2051 387 2132 Brugmano
409 2047 452 2112 ad
474 2039 642 2130 Asis-los
663 2049 776 2115 refero.

194 2147 319 2213 Pariter
341 2146 426 2212 enim
451 2145 571 2227 duplex
595 2145 653 2211 illa
675 2147 792 2213 radicis
814 2147 865 2211 diu
887 2147 959 2231 djev
982 2155 1015 2216 et
1031 2148 1110 2232 'djav
1132 2150 1237 2216 senna

107 2245 302 2330 eonspieilur
316 2244 348 2310 in
365 2241 462 2322 Ζεύς,
478 2243 536 2308 lae.
553 2240 653 2322 Δεύς,
672 2254 748 2311 eret.
763 2251 867 2332 Ζῆνα,
882 2250 990 2333 Δῆνα,
1016 2253 1128 2333 Τνῆνα
1144 2251 1209 2326 (13)
1227 2272 1236 2313 :

106 2343 188 2423 Ζάς,
219 2339 302 2420 Δάν,
333 2338 445 2418 Ζανός
468 2348 527 2406 ete.
572 2340 678 2418 Quare
701 2351 770 2408 utut
793 2344 833 2410 de
856 2344 935 2410 miro
958 2345 1014 2410 illo
1036 2345 1235 2428 grammatici

106 2443 178 2507 loeo
204 2441 287 2506 Anu.
312 2437 371 2505 Ox.
396 2440 444 2503 111
469 2441 540 2503 237.
562 2427 630 2504 '262
666 2439 945 2524 μεταγενέστεροι
968 2440 1114 2519 Αἰολεῖς
1142 2441 1238 2525 ἔτρε-

108 2551 181 2623 ψαν
204 2535 316 2614 Ζανός
339 2537 396 2602 καὶ
412 2533 483 2600 Ζάν
507 2535 559 2613 (ei.
575 2537 652 2602 Ahr.
676 2537 759 2614 187)
782 2539 982 2622 indicabitur,
1006 2547 1092 2605 certe
1114 2537 1237 2624 Ζηνός,

107 2639 197 2723 Ζηνί
219 2641 279 2701 ele.
303 2635 364 2720 ipsi
387 2633 500 2700 Doridi
522 2654 588 2699 non
610 2635 799 2718 abroganda
820 2644 904 2702 sunt.

196 2736 228 2810 2)
262 2751 308 2798 ex
332 2731 458 2798 libris
480 2732 554 2797 hue
577 2733 764 2815 pertinet

195 2820 248 2916 ἦρ.
278 2829 399 2926 Sapph.
418 2833 468 2894 39.
492 2829 561 2894 Alc.
577 2835 628 2895 45.
652 2831 753 2896 Alem.
777 2837 841 2915 νῆρ
866 2836 915 2899 76.
946 2831 1037 2896 Pind.
1060 2831 1095 2895 P.
1119 2831 1162 2896 IV
1185 2834 1237 2896 64.

107 2930 296 3014 uniones.
332 2927 373 3012 ἦρ
403 2927 488 2992 enim
517 2947 557 2992 ex
586 2925 706 3011 *duum
735 2928 876 3014 *sesua
912 2931 958 2994 lie.
982 2925 1135 2992 vueardlia
1163 2948 1237 2995 eon·

107 3034 245 3094 tractum
269 3032 327 3092 est.
361 3025 400 3090 el.
424 3023 552 3090 Curtius
575 3031 688 3110 etym.4
712 3029 783 3093 391.

627 3213 648 3292 ἕ
669 3215 720 3279 20.

196 3330 300 3414 Magis
323 3328 364 3395 de
386 3347 434 3411 eo,
458 3330 542 3411 quod
565 3331 718 3415 sequitui,
743 3331 889 3398 dubitare
911 3333 994 3399 lieet.
1028 3333 1140 3398 Placet
1161 3351 1237 3397 vero

108 3429 144 3493 in
167 3448 203 3494 re
226 3434 258 3496 el
281 3426 468 3493 difficillima
490 3435 523 3492 et
544 3428 753 3496 subtilissima
776 3448 885 3495 rursus
907 3449 928 3494 a
949 3429 988 3495 G.
1008 3427 1109 3494 ennii
1131 3429 1238 3495 verbis

109 3529 239 3612 (οων.)
262 3529 336 3605 576)
359 3523 525 3608 profiuisei.
571 3526 656 3593 Dieit
678 3527 774 3610 igitur
795 3526 867 3591 ille:
891 3526 1175 3603 „Beaehtenswerl
1195 3526 1241 3591 ist

109 3644 155 3705 es,
180 3621 258 3688 dasu
280 3622 361 3689 aueh
385 3621 439 3704 die
460 3622 575 3688 Dorier
597 3623 748 3689 meistens
771 3622 829 3689 das
852 3648 872 3709 η
895 3624 928 3688 in
952 3623 1072 3690 diesem
1095 3624 1239 3690 Stamina

109 3717 201 3807 (ἥβα)
224 3719 409 3786 bewahren.
455 3720 532 3784 Dies
560 3720 726 3802 gesehieht
753 3722 787 3786 in
816 3722 943 3804 einigen
966 3721 1090 3788 andern
1112 3720 1238 3803 Fallen,

108 3818 143 3882 in
176 3817 285 3884 denen
314 3815 477 3884 entweder
507 3819 540 3882 in
569 3817 626 3884 der
654 3818 860 3886 Stammsilbe
887 3819 988 3886 selbst
1014 3818 1239 3903 ursprdugliah

110 3913 162 3980 ein
187 3914 377 3997 Diphtlnong
399 3915 457 3980 mit
480 3939 493 3979 ι
514 3915 620 3998 stand,
644 3915 721 3981 oder
742 3915 777 3981 in
800 3915 857 3982 der
878 3915 1049 3999 folgenden
1073 3915 1163 3983 Silbe
1184 3916 1239 3983 ein

109 4011 215 4078 asieh
237 4011 352 4094 ueigt.“
