2986 4864
479 433 521 487 De
538 431 677 489 Alcmanis
695 437 791 502 poetae
809 432 936 489 dialecto.
1209 431 1271 495 365

83 649 91 662 .
145 628 231 691 mus3
254 623 362 688 neque
383 603 480 670 latius
501 610 612 671 nostra
630 604 787 671 dialectus
804 604 966 687 digamma
980 604 1155 689 retinuerit,
1178 625 1274 690 quam

143 712 273 772 ceterae
288 702 419 768 Doridis
441 703 574 788 speeies,
598 721 658 768 nee
672 703 777 768 minus
800 702 874 768 late.
910 703 993 768 Nam
1009 703 1095 785 quod
1116 725 1275 788 gramma-

144 804 209 885 tici,
234 801 290 867 ubi
313 799 355 865 de
377 798 531 882 digammi
553 821 612 866 usu
634 805 802 882 testantur,
826 801 1069 868 eDoriensibus
1084 803 1273 870 nominatim

145 902 286 967 affemnt
308 899 471 978 Lacones,
500 897 534 962 id
564 899 681 964 laetum
712 891 784 963 esse
805 897 943 979 videtur,
972 899 1047 981 quia
1076 915 1184 966 eorum
1207 901 1274 967 dia·

143 1000 278 1078 lectum,
302 1014 386 1078 quae
407 994 511 1061 literis
532 995 660 1062 exculta
682 1003 766 1075 erat,
790 995 892 1078 magis
915 996 1079 1062 habebant
1101 999 1272 1081 cognitam,

143 1102 175 1163 et
197 1113 302 1176 aeque
324 1092 367 1158 de
388 1093 519 1158 Aeolioo
548 1099 581 1158 et
603 1091 753 1158 Boeotico
776 1093 929 1175 digammi
954 1113 1015 1160 usu
1036 1103 1207 1177 supersunt
1229 1103 1274 1164 te

143 1191 305 1260 stimonia.
349 1191 431 1256 Item
453 1189 581 1256 fortuito
604 1189 703 1256 solius
725 1189 905 1257 Laconicae
928 1189 1057 1258 dialecti
1086 1193 1273 1260 recentioris

143 1289 297 1373 exempla
319 1286 472 1370 digammi
494 1288 528 1352 in
550 1291 573 1369 β
595 1288 709 1352 mutati
732 1294 842 1354 extare
865 1287 1071 1373 crediderim,
1094 1310 1170 1355 nam
1191 1290 1273 1359 haec

142 1387 254 1454 omnia
276 1405 296 1451 e
317 1384 485 1451 Laconicis
512 1385 629 1467 glossis
651 1385 877 1468 Aristophanis
900 1386 1047 1469 Byzantii
1076 1385 1206 1456 fluxisse
1228 1389 1273 1455 vi-

142 1484 271 1565 dentur,
294 1502 365 1548 eum
388 1504 453 1549 non
475 1482 629 1547 traditum
651 1482 702 1563 sit,
727 1501 767 1548 ex
782 1483 856 1550 aliis
878 1481 1024 1550 dialectis
1045 1487 1272 1566 grammaticos

141 1580 376 1664 conquisivisse
398 1580 628 1648 reconditiores
649 1580 777 1645 formas.
823 1579 913 1658 Quae
936 1600 1006 1645 cum
1028 1580 1075 1645 ita
1096 1581 1169 1664 sint,
1192 1584 1273 1651 veri·

141 1680 248 1746 simile
271 1685 336 1758 est,
353 1684 400 1742 nt
421 1677 455 1742 in
477 1678 593 1743 ceteris
615 1676 745 1742 Doridis
768 1682 801 1742 et
821 1676 969 1743 Aeolidis
995 1676 1159 1760 dialectis,
1190 1701 1273 1764 quae

143 1777 230 1842 inter
259 1776 379 1842 formae
407 1775 486 1840 satie
514 1780 658 1840 vetustas
683 1777 780 1853 Arsi,
809 1772 942 1851 A'c'flag,
974 1772 1122 1858 desetor,
1152 1778 1272 1856 adesos

142 1875 266 1941 similes
293 1872 433 1955 neglecti
461 1890 587 1954 quoqne
616 1869 769 1954 digammi
792 1872 942 1955 exempla
972 1871 1142 1958 exhibent,
1171 1875 1217 1941 ita
1237 1877 1272 1942 in

141 1970 324 2054 antiquiore
346 1968 485 2036 dialecto
508 1968 668 2034 Laconica
696 1967 859 2052 digamma
886 1969 1054 2053 paullatim
1077 1990 1272 2042 evanescere

143 2069 290 2152 coepisse
313 2066 363 2143 (cl.
387 2067 497 2150 Bergk
519 2067 581 2131 Lit.
605 2066 718 2132 Graec.
741 2067 815 2132 hist.
838 2068 853 2131 I
877 2071 960 2142 857).

228 2163 326 2249 Apud
348 2164 537 2230 Alcmanem
566 2163 668 2230 multa
697 2172 772 2230 sunt
793 2163 947 2246 digammi
973 2163 1109 2250 indicia,
1138 2168 1196 2234 sed
1224 2188 1273 2236 re-

141 2263 310 2348 pariuntur
332 2280 472 2344 quoque,
495 2280 578 2344 quae
600 2260 630 2326 ei
651 2270 840 2345 repugnent.
886 2264 1045 2347 Exempla
1066 2273 1173 2332 antem
1197 2286 1272 2334 enu-

141 2378 269 2427 merare
292 2358 497 2442 supersedeo,
521 2360 833 2441 postquam,Ahrens
848 2359 965 2426 Philol.
982 2362 1112 2428 XXVII
1129 2367 1190 2429 620
1202 2385 1271 2448 sqq.
1295 2447 1297 2453 Ι

143 2464 176 2524 et
198 2457 322 2523 Clemm
344 2455 436 2521 Stnd.
459 2456 509 2521 IX
532 2458 593 2519 449
609 2475 678 2538 sqq.
701 2465 767 2522 tam
796 2458 926 2541 copiose
955 2459 996 2524 de
1024 2460 1142 2525 haere
1166 2460 1272 2545 dispu-

142 2560 261 2622 tarunt.
307 2555 396 2618 Duas
418 2560 542 2618 tantuin
565 2554 719 2620 lectiones
742 2553 887 2620 codicum
915 2556 1090 2638 proteram,
1121 2575 1201 2638 quas
1223 2558 1272 2623 illi

141 2641 440 2737 praetermiserunt,
482 2670 551 2716 cum
585 2652 619 2716 in
652 2652 692 2716 iis
724 2651 860 2718 fortasse
894 2651 1057 2735 digamma
1089 2661 1271 2736 corruptum

141 2751 254 2816 lateat
296 2747 332 2812 ir.
355 2753 393 2811 41
424 2748 527 2814 codex
553 2748 687 2833 praebet
715 2737 784 2812 ὦτα
806 2743 860 2826 θ’,
896 2748 983 2830 quod
1011 2769 1082 2814 oum
1110 2750 1144 2815 iu
1174 2747 1269 2818 dae’

141 2847 298 2913 mutarint
330 2845 484 2928 editores,
521 2844 609 2911 haud
644 2846 709 2912 seio
744 2866 788 2911 an
818 2841 952 2942 dsqe’
982 2845 1186 2912 scribendum
1219 2850 1270 2916 sit.

141 2944 182 3010 cf.
206 2943 361 3027 Hesychii
388 2944 529 3026 glossam
559 2941 729 3026 ἐξωβάδια
759 2951 791 3010 et
817 2945 979 3027 Bmgman
1009 2943 1100 3010 Stud.
1125 2945 1171 3010 IV
1200 2951 1271 3014 143.

142 3045 318 3124 πρωτονές
339 3065 376 3106 τε
398 3040 501 3106 codex
523 3040 654 3107 exhibet
676 3041 712 3107 fr.
729 3046 780 3107 60.
804 3045 833 3122 2,
857 3040 996 3109 editores
1017 3042 1152 3126 primum
1174 3068 1194 3107 τ
1217 3044 1271 3112 de·

143 3140 260 3220 lerunt,
284 3137 370 3221 qnod
393 3138 527 3205 tortasse
548 3138 582 3202 in
598 3163 619 3202 s
634 3138 823 3204 mutandum
839 3146 887 3206 est
908 3137 1083 3226 πρώεονες
1106 3141 1157 3215 (cf.
1172 3143 1272 3226 Brug-

144 3258 219 3303 man
235 3237 326 3303 Stud.
341 3236 386 3301 IV
405 3232 487 3312 155).
517 3234 665 3301 ceterum
681 3237 731 3301 cui
754 3236 814 3302 hoe
829 3238 935 3303 minus
954 3237 1119 3321 placuerit,
1141 3239 1170 3304 is
1185 3239 1271 3305 haud

140 3335 238 3400 facile
261 3332 452 3416 explicabit,
475 3331 634 3416 quomodo
656 3334 774 3400 factum
796 3335 847 3416 sit,
869 3342 906 3400 nt
926 3341 1094 3418 utrumque
1108 3358 1128 3397 τ
1141 3336 1176 3400 in
1198 3355 1271 3402 con·
1381 3431 1390 3438 ἢ
1444 3396 1449 3404 .

141 3438 266 3498 textum
288 3430 459 3496 verbomm
480 3431 644 3514 irreperet.

208 3528 280 3594 'Ex
302 3529 357 3611 iis,
380 3547 464 3610 quae
486 3548 583 3613 supra
604 3527 793 3610 monuimus,
816 3527 968 3610 sequitur,
998 3547 1064 3592 non
1086 3527 1196 3594 omnia
1216 3548 1270 3596 ne·

114 3627 242 3709 ·glecti
272 3624 424 3708 digammi
453 3626 619 3708 exempla,
649 3643 731 3707 quae
760 3623 848 3708 apud
876 3625 1063 3690 Alcmanem
1092 3631 1218 3709 extant,
1248 3647 1270 3692 a

144 3724 307 3791 Laconica
328 3722 424 3806 hujus
446 3723 561 3788 aetatis
583 3722 721 3788 dialecto
737 3723 846 3788 aliena
860 3741 946 3804 esse;
969 3721 1026 3789 sed
1050 3741 1129 3805 quas
1150 3722 1269 3791 formas

143 3821 236 3903 inde,
260 3840 341 3902 quas
362 3818 499 3888 aliunde
515 3826 612 3904 poeta
633 3819 797 3901 asciverit,
821 3838 904 3902 quae
926 3819 968 3885 ab
991 3838 1029 3886 eo
1052 3820 1181 3886 omniuo
1203 3841 1269 3888 non

144 3919 308 4001 protectae
330 3917 403 3995 sint,
429 3918 493 3984 alio
516 3918 593 3984 loeo·
609 3917 827 4001 quaerendum
850 3917 918 3983 erit.
