2978 4872
497 447 618 504 Schedae
635 448 832 517 grammaticae.
1192 443 1228 505 61

103 629 183 693 Eam
211 633 322 693 autem
353 626 505 709 digammi
533 628 567 692 in
595 647 725 710 gamma
753 623 974 704 mutationem,
1003 627 1038 687 ut
1066 619 1100 688 id
1129 624 1233 692 obiter

105 744 361 808 commemorem,
384 725 418 789 in
440 725 602 808 plerisque
624 726 756 794 vocibus
778 724 888 806 eisque
910 722 1126 807 potissimum,
1150 741 1233 804 qnae

104 823 189 906 apud
208 822 407 908 Hesychium
423 823 633 907 reperiuntur,
656 843 719 889 non
738 822 878 902 dialecti,
901 821 969 902 sed,
993 827 1027 885 ut
1049 820 1231 900 italicam,

104 921 294 1005 graphieam
317 940 387 987 esse
410 941 480 986 cum
502 922 587 988 aliae
608 941 660 988 rcs
682 929 748 987 tum
770 923 898 1004 glossae
920 917 1053 1003 γέντερ·
1076 912 1095 1003 ἡ
1121 917 1231 983 κοιλία

104 1040 158 1103 pro
181 1030 304 1093 centor,
329 1023 456 1104 σεργοί·
481 1016 604 1105 ἔλαφοι
626 1039 684 1103 pro
707 1019 794 1082 σοντι·
813 1017 891 1085 satis
914 1018 1145 1083 demonstrant.

186 1117 250 1184 His
273 1117 314 1183 de
337 1116 571 1184 terminationis
593 1139 646 1200 γις
669 1137 747 1183 sono
769 1116 871 1200 primo
895 1114 988 1180 dictis
1015 1118 1113 1180 restat
1134 1123 1169 1177 ut
1191 1112 1232 1178 dc

104 1235 168 1277 oar
189 1214 233 1280 in
256 1237 322 1298 γις
345 1220 565 1280 attenuato
587 1234 783 1298 moneamus,
807 1214 873 1279 alia
888 1213 1003 1279 suffixa
1018 1211 1114 1278 simili
1137 1211 1232 1276 modo

104 1317 274 1379 attenuata
296 1331 379 1393 esse,
402 1312 447 1377 uti
470 1309 558 1389 *κας
581 1317 652 1387 (sor.
675 1313 836 1396 bata-pos)
865 1312 899 1377 in
920 1335 992 1388 -κις
1016 1307 1234 1389 (antici-xor).

104 1409 152 1474 Ad
168 1429 269 1492 quam
284 1408 412 1492 quidem
434 1411 701 1492 permutationem
721 1410 857 1476 fortasse
878 1410 982 1492 sigma
1003 1407 1102 1475 fuisse
1123 1407 1233 1490 magni

104 1509 276 1588 momenti,
299 1508 448 1591 exempla
469 1505 566 1572 ἰ’σ-θι
589 1528 647 1591 pro
671 1505 771 1574 ἐ’σ-θι
793 1507 1119 1588 Heracleensiumque
1142 1503 1233 1570 torto

104 1626 158 1688 pro
182 1605 284 1672 ἑστία
308 1604 410 1683 (Stud.
434 1605 467 1670 II
489 1625 520 1688 p.
546 1608 596 1682 18)
619 1612 787 1672 testantur.
867 1677 869 1683 ,

187 1703 340 1770 Glossam
362 1703 408 1768 ita
431 1701 608 1784 explicanti
629 1703 822 1770 mutationes
840 1702 988 1786 Sopingi,
1012 1701 1066 1783 qui
1088 1697 1233 1783 ἄγωμες,

105 1801 247 1883 Heinsii,
272 1801 325 1883 qui
341 1796 481 1884 ἄγωσιν,
504 1799 684 1882 Pearsonis‚
708 1802 760 1883 qui
784 1797 913 1883 ἄγωμις
935 1798 1138 1865 scribendum
1160 1815 1233 1862 oon·

106 1899 259 1981 iecerunt,
283 1916 544 1982 supervacaneae
563 1897 766 1963 videbuntur.
803 1897 846 1962 Ut
867 1903 972 1962 autem
996 1895 1053 1961 vin'
1077 1895 1126 1960 illi
1150 1894 1234 1960 docti

105 1997 245 2079 glossam
269 2001 438 2076 mutarent,
465 1995 564 2062 series
585 1995 763 2061 litterarum
786 1995 881 2060 lexioi
903 1993 974 2060 visa
993 2000 1041 2060 est
1059 1992 1233 2059 adhortari.

107 2093 303 2158 Schmidtius
327 2093 411 2158 enim
429 2092 510 2159 falso
533 2093 674 2176 glossam
690 2092 934 2159 antecedentem
957 2093 992 2156 in
1014 2089 1123 2156 codice
1145 2087 1234 2174 ἅγιο-

106 2195 214 2272 ytoog·
233 2185 377 2276 ὁδηγούς
391 2190 543 2256 traditam
559 2195 706 2273 (eamque
721 2191 819 2256 etiam
836 2209 873 2256 eo
888 2185 1021 2255 accentu
1035 2189 1234 2265 instructam)

106 2287 137 2350 in
161 2285 317 2372 ἀγωγούς
342 2294 532 2354 correxerat.
571 2289 667 2365 (Nam
694 2283 840 2372 ἅγώγιος
856 2313 863 2354 :
879 2285 1010 2370 ἀγωγός
1030 2315 1073 2338 =
1094 2282 1235 2351 ἐλευθέ-

106 2409 176 2467 ριος
194 2409 201 2450 :
219 2383 404 2469 ἐλεύθερος
415 2414 459 2437 =
469 2379 627 2462 ὑστάτιος
640 2409 647 2451 :
660 2382 803 2462 ὕστατος
814 2415 857 2437 =
870 2385 1028 2460 λοίσθισς
1044 2406 1051 2448 :
1067 2381 1233 2459 λοῖσθος.)

189 2485 291 2550 Porro
307 2482 502 2566 Hesychium
526 2481 631 2548 dualis
652 2482 771 2550 formas
787 2491 819 2550 et
838 2483 1002 2548 nominum
1018 2486 1051 2546 et
1066 2481 1234 2547 verborum

108 2599 235 2664 semper
262 2581 372 2646 formis
402 2580 537 2664 pluralis
566 2579 701 2648 candem
729 2601 901 2665 personam
934 2578 1149 2644 indicantibus
1183 2596 1235 2642 ex-

107 2681 281 2764 plicavisse
304 2679 461 2761 exemplis
484 2677 600 2744 docere
623 2679 838 2744 necessarium
861 2699 927 2743 non
950 2682 1007 2742 est.

178 2778 284 2856 ¹Quae
307 2795 377 2840 cum
400 2777 446 2840 ita
467 2775 541 2856 sint,
565 2775 722 2843 dialectus
744 2776 856 2858 argiva
879 2795 897 2842 e
918 2772 1131 2840 remotissima
1153 2772 1234 2837 anti-

108 2877 229 2958 quitate
251 2875 322 2940 sola
343 2872 617 2954 terminationem,
650 2892 746 2955 quam
768 2874 853 2939 aliae
876 2871 1028 2952 omisere,
1051 2888 1236 2936 asservasse

108 2972 244 3038 videtur.
288 2970 363 3035 Alia
385 2988 511 3052 quoque
540 2971 700 3053 permulta
723 2977 755 3038 et
777 2969 952 3055 peculiaria
974 2969 1008 3033 in
1030 2967 1144 3033 eadem
1168 2966 1236 3034 dia-

108 3071 207 3152 lecto,
233 3087 314 3150 quae
336 3067 537 3148 antiquarum
561 3067 731 3133 formarum
753 3068 812 3134 fuit
835 3067 913 3134 satis
935 3074 1049 3148 tenax,
1073 3085 1236 3131 asumma

110 3167 302 3248 antiquitate
319 3173 393 3230 sunt
408 3164 536 3246 tradita,
560 3166 606 3229 ita
621 3175 656 3230 ut
675 3166 759 3248 quod
782 3166 908 3230 nonita
923 3165 1043 3228 multae
1057 3182 1163 3246 neque
1178 3182 1237 3228 eae

110 3258 261 3346 antiquae
281 3261 506 3344 inscriptiones
528 3281 713 3345 paucaeque
728 3263 815 3347 apud
837 3261 1062 3345 grammaticos
1078 3260 1146 3328 eius
1169 3259 1237 3326 dia-

111 3363 185 3428 lecti
207 3363 335 3444 glossae
358 3359 451 3425 nobis
473 3367 547 3424 sunt
569 3368 726 3442 servatae,
750 3359 846 3426 valde
868 3359 1043 3425 dolendum
1066 3360 1117 3423 sit.

195 3459 265 3524 Etsi
281 3456 462 3539 Hesychius
477 3457 564 3523 solus
580 3477 651 3523 eam
666 3458 924 3524 terminationem
940 3455 1113 3521 memoriae
1127 3454 1237 3529 tradit,

113 3556 147 3621 id
169 3562 278 3622 tamen
294 3573 397 3636 aeque
418 3553 505 3618 credi
528 3560 634 3638 potest
649 3575 687 3620 ac
702 3555 728 3620 si
744 3553 801 3621 illa
818 3554 990 3638 singularis
1011 3553 1120 3634 glossa
1135 3549 1238 3616 ἐλθε-

112 3659 192 3729 rag·
217 3648 292 3717 ἀντὶ
307 3658 367 3717 τοῦ
383 3649 465 3718 ἐλθέ
490 3653 559 3719 sola
582 3651 623 3718 de
644 3653 867 3735 antiquissima
887 3648 1068 3734 imperativi
1091 3648 1238 3714 termina·

114 3751 200 3816 tione
221 3773 289 3826 τως
312 3756 445 3824 (sanson
461 3752 531 3826 -trtt,
555 3751 611 3814 lat.
634 3749 716 3827 sod)
738 3770 798 3816 nos
817 3750 966 3816 certiores
988 3746 1064 3812 tacit
1088 3745 1236 3826 (Curtius,

114 3846 228 3912 Kuhns
250 3846 402 3912 Zeitschr.
427 3849 456 3926 8,
481 3849 543 3911 294
565 3852 598 3912 et
620 3848 715 3914 Verb.
738 3848 770 3912 II
792 3869 823 3930 p.
846 3849 910 3923 44).

198 3943 395 4010 Terminatio
412 3967 482 4028 -γις
498 3943 538 4010 de
554 3964 617 4026 qua
632 3945 756 4027 agimus
779 3944 898 4028 optime
920 3966 990 4011 cum
1013 3948 1238 4016 terminatione

114 4041 247 4124 pluralis
270 4065 348 4122 -μες
371 4042 549 4125 conspirat,
580 4062 642 4125 qua
665 4044 736 4110 sola
758 4044 982 4112 Dorienses
1006 4065 1108 4131 eaque
1130 4049 1183 4114 vel
1205 4047 1239 4112 in
