2986 4864
188 1384 392 1466 Quamquam
414 1385 478 1450 iam
500 1385 592 1449 multi
612 1384 700 1468 iique
721 1388 866 1454 homines
882 1388 1055 1455 doctissimi
1071 1390 1230 1472 quomodo

108 1484 138 1547 in
166 1485 272 1567 prisea
301 1482 461 1549 latinitate
489 1501 583 1548 oasus
605 1481 647 1547 ed
676 1485 828 1550 terminos
857 1485 976 1551 locales
1004 1485 1232 1569 signifioandos

108 1579 342 1661 adhiberentur,
372 1584 588 1663 exposuerunt
609 1585 707 1664 atque
729 1580 974 1664 diligentissimo
995 1601 1101 1664 paone
1123 1585 1231 1650 omnia

108 1678 260 1760 exempla,
286 1696 369 1759 quae
383 1677 417 1742 in
436 1677 563 1760 seriptis
578 1677 792 1742 Romanorum
808 1678 851 1743 ad
871 1669 1036 1744 hamorem
1058 1681 1228 1762 pertinent,

108 1776 312 1857 collegerunt,
335 1779 441 1838 tamen
460 1793 545 1840 nova
566 1775 753 1857 quaestione
775 1794 856 1857 opus
878 1783 942 1857 est,
967 1773 1041 1858 quia
1063 1777 1129 1842 fere
1150 1797 1229 1842 nun·

107 1892 206 1956 quam,
230 1880 266 1938 ut
281 1889 414 1937 neeesse
429 1879 505 1953 erat,
528 1872 704 1955 quaesitum
722 1881 771 1938 est
785 1873 944 1953 quomodo
960 1892 1089 1937 oasuum
1106 1880 1137 1938 et
1155 1875 1229 1940 sim·

106 1970 230 2052 plinium
262 1976 296 2035 et
323 1987 393 2033 oum
421 1968 659 2052 praepositione
687 1969 926 2034 ooniunotorum
956 1989 1032 2034 usus
1053 1970 1087 2033 in
1117 1972 1228 2053 lingua

106 2068 203 2133 latina
225 2074 313 2132 ortus
329 2074 423 2134 esset.
454 2066 567 2148 Neque
582 2064 696 2132 suffieit
711 2063 815 2131 redire
830 2066 874 2131 ad
889 2066 1120 2148 antiquissima,
1144 2088 1227 2151 quae

105 2165 229 2246 quidem
251 2163 347 2230 nobis
372 2171 450 2230 nota
471 2170 557 2245 sunt,
581 2163 736 2229 sermonis
758 2163 849 2228 latini
872 2170 1031 2247 tempora,
1056 2164 1113 2229 sed
1136 2165 1228 2247 profi-

105 2263 285 2329 eisoendum
308 2268 357 2327 est
378 2281 398 2326 a
420 2261 586 2344 principiis
600 2262 730 2345 syntaxi
752 2262 973 2345 eomparativa
994 2262 1183 2328 constitutis.

184 2359 422 2426 Dolbrueokius
439 2359 523 2424 enim
547 2358 666 2442 primus
688 2359 720 2423 in
741 2359 799 2423 illo
822 2359 913 2439 libro,
937 2378 998 2440 quo
1022 2361 1086 2442 egit
1110 2360 1150 2426 de
1172 2363 1228 2428 ab·

106 2457 213 2540 lativo,
245 2456 352 2538 looali,
375 2457 611 2522 instrumentali
634 2456 682 2533 (Β.
708 2457 885 2522 Delbrtlolr:
924 2456 1064 2536 Ablativ,
1088 2457 1225 2540 Looalis,

103 2553 358 2621 instrumentalis
386 2555 429 2618 im
456 2551 693 2633 Altindisoben,
724 2552 967 2632 Lateinisoben,
997 2552 1226 2621 Grieobisoben

103 2651 164 2716 und
187 2650 384 2733 Deutsohen,
411 2650 519 2716 Berlin
545 2653 639 2727 1867)
663 2649 911 2730 demonstravit,
938 2649 992 2731 qui
1015 2669 1090 2715 usus
1112 2651 1224 2717 borum

102 2767 229 2815 ossuum
251 2749 287 2813 in
309 2748 421 2831 lingua
442 2745 704 2829 indogermanioa
725 2746 828 2828 fuerit,
852 2751 887 2811 ut
903 2765 988 2812 nuno
1003 2746 1132 2828 quidem
1148 2750 1226 2816 satis

101 2846 255 2929 explicari
278 2845 393 2928 possit,
423 2845 537 2927 quibus
565 2845 660 2910 rebus
688 2845 809 2910 latinae
836 2844 968 2926 linguae
996 2863 1071 2909 usus
1097 2846 1138 2910 ab
1167 2848 1224 2913 illo

103 2941 235 3010 differat.
282 2943 323 3007 Et
346 2942 580 3008 Delbrneokius
601 2941 731 3024 quidem
754 2942 788 3006 in
810 2961 907 3006 unam
937 2947 1060 3006 tautum
1083 2943 1224 3012 omnium

101 3039 308 3106 dialecton-um
330 3039 524 3121 italicarum,
551 3039 702 3120 latinam,
731 3038 906 3122 inquisivit.
950 3038 1016 3105 Sed
1038 3058 1110 3105 oum
1132 3059 1224 3108 oasus
1305 3070 1313 3078 ·

101 3137 132 3201 in
153 3139 267 3220 lingua
289 3155 364 3201 osoa
386 3144 418 3202 et
440 3136 583 3202 umbrioa
606 3143 638 3203 et
658 3137 753 3203 aliter
773 3136 900 3203 formati
923 3142 955 3202 et
976 3137 1069 3203 aliter
1090 3137 1174 3204 inter
1189 3160 1224 3206 se

100 3234 262 3299 oommixti
284 3233 348 3298 sint
371 3240 468 3317 atque
490 3234 524 3298 in
546 3233 657 3318 lingna
678 3234 790 3316 latina,
814 3235 909 3300 etiam
929 3254 1005 3300 usus
1028 3253 1136 3300 eorum
1158 3257 1223 3302 non

100 3351 227 3413 prorsus
242 3329 329 3396 idem
345 3336 403 3396 est.
441 3330 537 3396 Cadit
558 3332 619 3397 boo
641 3333 781 3397 maxime
802 3332 836 3396 in
857 3332 1045 3412 ablativum,
1069 3332 1119 3396 oui
1142 3340 1223 3398 trao-

100 3428 196 3494 tando
227 3447 358 3511 operam
386 3428 434 3492 ita
461 3429 667 3509 navabimus,
701 3435 736 3492 ut
762 3445 967 3509 quaeramus,
1002 3427 1161 3509 quomodo
1188 3431 1221 3493 in

99 3525 215 3610 linguis
245 3525 362 3590 italiois
390 3525 442 3591 hie
470 3544 563 3592 oasus
592 3524 634 3590 ad
663 3525 815 3590 terminos
847 3522 967 3588 looales
995 3522 1222 3606 significandos

99 3623 262 3688 adhibitus
283 3623 338 3703 sit,
368 3623 487 3705 quain
510 3621 698 3706 quaestione
725 3619 925 3706 potissimum
948 3619 1078 3702 linguas
1100 3621 1221 3688 latinae

98 3722 177 3787 ratio
200 3718 383 3786 habebitur.
816 3735 818 3740 ·

182 3818 324 3883 Primum
346 3817 476 3900 quidem
500 3816 638 3883 breviter
655 3816 696 3884 de
711 3816 846 3882 ablativi
868 3814 971 3880 forma
992 3813 1221 3898 disputandum

97 3917 166 3979 erit.
195 3947 239 3962 —-
267 3913 400 3980 Constat
428 3915 512 3980 inter
533 3933 644 3979 omnes
666 3915 700 3981 in
730 3914 841 3996 lingua
862 3912 972 3977 italioa
993 3912 1073 3977 siout
1094 3913 1127 3977 in
1150 3933 1222 3980 san·

96 4013 223 4077 soritioa
245 4011 391 4095 primitus
414 4018 484 4078 uoto
507 4029 600 4078 nasus
622 4011 737 4092 fuisso,
766 4009 854 4075 ouius
876 4008 1004 4092 oopiae,
1029 4029 1220 4094 quamquam

147 4112 250 4154 Curemus
263 4123 284 4153 u.
297 4112 421 4162 Bauumax,
439 4111 531 4154 Studien
545 4112 569 4153 ll.
983 4112 1015 4162 25
