2916 4872
207 427 271 489 134
710 426 843 482 Baunaclr

292 608 321 681 c)
358 600 518 686 Imprimis
540 599 736 668 monendum
759 606 808 667 est
828 599 862 665 in
885 619 962 665 nna
984 595 1205 679 eademque
1226 597 1333 663 Man-

207 701 344 770 tineae
372 699 651 784 inscriptione
677 701 769 781 352p
799 696 1085 764 femininorum
1114 695 1333 778 genetivos

206 799 240 866 in
263 822 311 876 ας
334 793 515 878 (nacitor,
535 793 721 874 Ἔουαλίας,
741 788 959 877 ‘eutropiae
986 791 1208 872 Ποσοιδλίας,
1229 797 1333 857 Fare-

208 899 343 973 κισίας),
360 893 676 962 masculinorum
691 894 725 959 in
741 917 789 958 αα
803 895 954 974 (fucetur
972 897 1005 958 et
1017 888 1220 966 rinveldon)
1237 892 1332 958 exire.

209 994 357 1060 Eandem
373 994 530 1077 ‘regulam
553 991 712 1077 (lyprii,
741 1010 875 1075 quorum
906 990 1063 1057 dialectos
1092 1009 1164 1056 cum
1186 988 1333 1056 arcadico
1444 1037 1445 1084 3

208 1112 333 1161 summa
355 1092 546 1177 cognatione
561 1096 610 1157 est
632 1089 812 1172 coniuncta,
835 1095 1012 1172 sequuntur
1026 1087 1094 1162 (cfr.
1107 1083 1333 1171 'Oracoyo'pcc

67 1170 71 1180 “
206 1196 242 1258 at
263 1186 429 1270 Ἀθάνας,
459 1189 526 1256 alia
548 1188 709 1273 permulta
730 1187 765 1253 in
786 1205 852 1253 una
873 1186 967 1253 inser.
990 1184 1082 1252 Stud.
1105 1184 1168 1252 VII
1197 1206 1229 1270 p.
1253 1188 1334 1264 240).

208 1287 278 1354 Nec
316 1287 422 1353 minus
455 1286 788 1370 Pamphyliorum
827 1283 1067 1368 inscriptiones,
1106 1304 1188 1367 quas
1220 1284 1337 1369 Siegis·

208 1383 347 1476 mundus
374 1385 526 1451 tractavit
553 1382 644 1450 stud.
672 1383 722 1448 IX
749 1403 781 1467 p.
804 1386 863 1465 91,
896 1381 1121 1450 femininorum
1150 1388 1183 1448 ot
1213 1402 1335 1449 mascu·
1445 1469 1446 1472 Ἴ

208 1482 346 1550 limorum
367 1483 535 1566 genetivus
555 1481 724 1548 distinent:
747 1480 885 1563 legimus
900 1480 949 1547 bis
964 1485 1059 1563 μνᾶς,
1082 1474 1333 1566 at‘deapodac

207 1580 356 1661 (fortasse
370 1600 427 1666 pro
447 1576 689 1665 [Ε1ὗ-δραμύαυ
711 1615 754 1625 -
777 1577 810 1644 O.
828 1579 852 1644 Ι.
870 1581 908 1644 81
926 1578 1134 1646 Atheniensis
1149 1574 1333 1663 Εὖδράμαα

207 1679 393 1764 appellatur
414 1713 466 1759 -,
495 1677 540 1744 uti
562 1678 596 1743 in
618 1677 714 1745 inser.
737 1681 756 1742 3
780 1674 924 1742 eiusdem
947 1675 1174 1754 „Studiomm“
1196 1677 1333 1760 paginae

102 1785 104 1790 ’
209 1782 295 1853 certe
316 1772 767 1864 (AEqrc'pdrorg,}1qropdrofv
784 1774 805 1839 i.
822 1793 850 1840 e.
867 1767 1093 1861 Ἀφορδίσιος,
1115 1770 1332 1860 Άφορδισίου

207 1873 381 1958 legendum
405 1879 477 1950 eet).
514 1873 637 1953 Quibus
652 1872 749 1939 robus
770 1871 926 1957 reputatis
948 1872 1189 1938 concedendum
1212 1881 1261 1940 est
1282 1874 1334 1939 ha·
1446 1879 1447 1890 ¹

208 1972 295 2055 bere,
318 1992 381 2056 quo
404 1970 558 2038 defendat
579 1971 772 2038 sententiam
795 1990 902 2052 suam,
925 1969 1143 2053 Lcslsionium,
1171 1970 1224 2054 qui
1247 1976 1333 2056 putat

104 2130 116 2143 ,
208 2069 400 2152 Tegeaticus
411 2068 485 2134 illos
496 2069 636 2151 quinque
647 2069 816 2153 genetivos
828 2067 1002 2135 seeundum
1020 2068 1269 2136 masculinorum
1283 2089 1333 2152 go·

210 2167 391 2233 nativorum
407 2165 592 2248 analogiam
604 2185 676 2233 esse
690 2166 853 2248 formatos,
870 2185 965 2250 quam
985 2168 1253 2250 permutationem
1264 2166 1334 2234 arti·

209 2264 273 2331 euli
290 2263 394 2330 forma
407 2268 469 2339 τᾶς
484 2263 609 2347 vitavit,
633 2264 679 2329 ita
694 2269 729 2329 ut
744 2264 912 2348 genetivus
927 2269 988 2341 τᾶς
1005 2263 1137 2347 ζαμίαν,
1160 2271 1222 2342 τᾶς
1238 2263 1332 2331 ἐσδο-

210 2366 290 2439 καῦ,
319 2367 380 2439 τᾶς
408 2357 573 2446 ἐργωνίαυ
602 2361 770 2445 colligatos
797 2362 942 2446 legamus
972 2362 1038 2438 (die
1060 2363 1264 2430 Declination
1293 2365 1333 2429 im

210 2457 583 2526 Slavlseh-Litauieehen
605 2459 671 2524 und
695 2459 947 2527 Germaniechen
972 2481 1004 2544 p.
1028 2464 1090 2539 40).

296 2558 328 2633 9)
365 2555 673 2623 Declinationis
701 2577 777 2626 seo.
799 2558 984 2643 genetivi
1015 2558 1205 2642 plerumque
1225 2561 1260 2625 in
1282 2583 1332 2638 -ω,
1448 2587 1449 2612 1

209 2653 243 2720 in
269 2653 366 2721 inscr.
395 2655 627 2722 recentioribus
656 2655 689 2720 in
718 2680 791 2734 -αα,
821 2656 855 2721 in
884 2656 980 2722 inser.
1002 2656 1136 2723 metrica
1165 2657 1333 2737 (331alin

209 2774 280 2817 -oco
304 2756 423 2832 (ναοῖο,
446 2750 621 2829 πλούτοιο)
645 2759 774 2819 exeunt.
818 2753 985 2837 Nusquam
1014 2754 1165 2838 leguntur
1185 2756 1333 2839 genetivi,

209 2848 264 2932 qui
286 2849 320 2915 in
340 2848 529 2933 Cypriorum
552 2851 647 2916 inscr.
669 2849 766 2917 valde
788 2850 896 2916 usitati
917 2859 1001 2934 sunt,
1024 2852 1130 2918 nasali
1152 2853 1334 2938 amplificati

209 2945 276 3023 (cfr.
300 2942 454 3030 ἀργύριον
476 2968 534 3030 pro
558 2942 690 3032 ἀργύρω
712 2949 734 3012 i.
757 2968 784 3014 e.
809 2945 981 3034 ἀργύρου),
1003 2950 1051 3016 ita
1071 2957 1121 3033 ut,
1145 2971 1334 3036 quamquam

208 3041 371 3108 Arcadum
402 3050 434 3109 et
462 3043 650 3128 Cypriorum
679 3044 810 3112 dialecti
840 3047 998 3114 artissime
1031 3048 1221 3116 coniunctae
1252 3054 1333 3130 sunt,

210 3139 320 3224 Cyprii
354 3140 414 3205 soli
448 3140 517 3206 eius
549 3140 749 3208 formationis
783 3145 935 3227 genetivo
968 3146 1017 3211 usi
1055 3165 1125 3212 esee
1156 3146 1333 3214 videantur.

118 3271 129 3301 .-
210 3236 291 3302 (lum
327 3236 465 3321 cypridis
494 3236 604 3305 formis
641 3235 802 3324 ἀργύριον,
837 3247 1068 3308 Στασιποίκων
1104 3265 1187 3310 unus
1223 3265 1335 3330 prono·

81 3375 85 3382 -
210 3335 305 3401 minis
339 3334 580 3402 demonstrativi
617 3339 784 3420 genetivus
816 3340 982 3407 arcadicus
1013 3346 1096 3407 τωνί
1129 3342 1175 3420 (in
1208 3347 1334 3427 Tegeae

208 3433 304 3499 inser.
326 3436 409 3498 curt
436 3439 485 3498 roi
509 3431 691 3526 ἒπιζαμίω)
718 3438 897 3521 comparari
925 3445 1040 3522 potest.
1084 3439 1238 3508 Eiusdem
1266 3462 1334 3526 pro·

209 3530 348 3597 nominis
369 3533 571 3598 accusativus
593 3535 689 3598 ταννί
710 3542 822 3619 aperte
844 3555 885 3601 ex
906 3534 1039 3602 rav-dd
1060 3537 1162 3604 fectus
1185 3546 1245 3605 est

297 3631 347 3707 10)
377 3627 577 3714 Stirpium
598 3631 722 3698 in-ev
746 3633 990 3700 nominativi
1013 3641 1045 3703 et
1064 3636 1098 3702 in
1114 3659 1190 3713 -ευς
1213 3635 1334 3722 (ἱερεύς

210 3729 283 3806 341,
306 3728 336 3808 3,
360 3725 500 3813 κουρεύς
523 3731 620 3810 341ο,
645 3730 696 3810 26,
720 3721 908 3812 ἇποδοχούς
931 3735 1027 3815 3310,
1051 3737 1081 3810 3)
1103 3739 1136 3800 et
1150 3735 1182 3799 in
1204 3759 1263 3821 -ης
1285 3755 1334 3802 ex·

210 3829 296 3888 eunt.
341 3824 427 3889 Illud
449 3849 468 3911 η
493 3832 542 3892 est
569 3827 639 3894 sine
667 3827 774 3893 dubio¹
793 3828 879 3894 idem
902 3830 987 3913 quod
1015 3831 1050 3896 in
1072 3832 1254 3918 Νηρη-ΐ-ς,
1282 3854 1334 3898 no

209 3918 307 3985 minis
336 3919 469 4007 Νηρούς
496 3923 652 3991 feminina
683 3925 802 4009 forma,
835 3924 870 3992 in
897 3925 1106 4016 Ἐρεχθη-ΐ-ς
1138 3925 1332 4016 (Ἐρεχθεύς)

210 4022 356 4100 apparet.
400 4017 471 4106 Hae
492 4020 614 4090 formae
634 4024 801 4106 leguntur:
829 4024 963 4114 γραφής
987 4030 1092 4110 338a,
1116 4030 1214 4112 ifle,
1239 4025 1332 4113 ἱαρής
