2968 4866
221 415 284 477 292
721 414 856 470 Schrader

222 591 297 658 dem
311 593 401 655 reete
414 587 574 671 Bergkius
589 585 652 666 (ed.
669 589 700 661 3)
715 585 818 652 Alom.
835 588 875 650 26
894 581 1033 671 νηλεγές
1055 584 1182 668 scripsit
1204 585 1347 672 (νηλεγὲς

221 675 305 774 ἦτορ
328 685 425 767 έχων)
454 684 493 752 of.
522 683 645 772 νήπιος
673 682 767 750 Pina.
789 683 825 748 P.
848 683 896 748 III
919 686 960 750 82
987 679 1042 769 (νή
1043 707 1118 748 -ιιι
1120 706 1174 762 ος,
1205 683 1240 750 ni
1271 691 1349 750 errat

221 783 397 866 Froehde)‚
429 780 749 870 valeranicense.
785 778 937 850 PindP.
967 781 1057 847 195.
1084 781 1216 865 111223
1246 801 1348 865 quam-
1394 847 1398 858 .

221 901 318 965 qnam
340 881 396 948 lat.
419 891 466 954 aa,
490 886 556 963 got.
577 880 618 953 ai,
642 879 729 962 bulg.
750 899 798 952 ae,
821 879 868 944 lit.
891 878 931 942 ad
952 879 1146 963 comparatis
1168 899 1348 964 non-nega

220 979 321 1046 verim
346 977 448 1045 radici
471 977 520 1042 illi
542 995 583 1043 ex
604 977 718 1061 priscis
740 977 938 1061 temporibus
959 998 976 1038 e
997 997 1056 1063 pro
1079 999 1099 1040 a
1119 977 1311 1046 inhaesisse.

753 1182 823 1260 eo.

307 1317 414 1398 Atque
435 1334 506 1381 eum
529 1313 570 1380 de
592 1313 707 1382 adieet
686 1315 760 1380 trvis
782 1314 1119 1401 1ιι-ηρος,-ηλος
1109 1337 1144 1382 ιιι
1166 1317 1348 1383 verbalibus

220 1413 331 1479 formis
353 1411 529 1478 tractandis
551 1412 652 1477 acturi
674 1412 789 1492 simus,
812 1418 971 1494 restat,u
972 1411 1049 1479 tde
1069 1416 1347 1493 numeralibus

222 1530 432 1596 exponamus.
477 1507 611 1576 Constat
639 1510 725 1576 enim
747 1529 789 1575 ne
816 1509 859 1574 ab
882 1510 988 1576 aeole-
991 1509 1107 1576 doricis
1129 1511 1261 1594 quidem
1284 1512 1347 1578 dia·

220 1608 314 1675 lectis
335 1634 354 1695 η
379 1608 412 1673 in
435 1606 653 1673 numeralibus
675 1606 772 1672 illis
763 1627 797 1671 ιιι
819 1605 972 1693 -ήκοντα,
995 1606 1159 1695 -ήκοστος
1182 1629 1255 1676 esse
1276 1611 1347 1676 alie-

220 1727 308 1773 num.
353 1706 392 1771 In
424 1705 634 1772 dialectomm
666 1711 774 1771 autem
807 1704 869 1770 hac
903 1706 935 1769 in
966 1725 1001 1772 re
1033 1725 1193 1773 consensu
1218 1703 1347 1774 sufficiet

220 1823 326 1888 pauca
347 1823 503 1870 novorum
525 1802 688 1869 titulomm
711 1803 861 1888 exempla
883 1803 1008 1870 afferre.
1052 1802 1100 1869 Ol.
1123 1804 1237 1888 igitur:

348 1915 560 2004 πεντήκοντα
595 1923 672 1983 eret.
710 1917 802 1982 Drer.
843 1921 919 2000 163,
957 1937 1021 1983 are.
1057 1925 1122 2001 tog.
1156 1922 1215 2002 23,
1256 1939 1344 1987 mess.
1461 1935 1462 1950 ¹

277 2063 280 2068 -
391 2014 476 2081 And.
501 2019 551 2080 52.
922 2099 925 2104 Ι

349 2111 514 2200 ἑξήκοντα
535 2112 633 2178 thess.
657 2111 704 2176 tit.
729 2111 837 2177 Phara.
862 2116 891 2176 5.

350 2206 596 2293 (ἑβδεμήκοντα
617 2209 736 2275 heracl.
759 2209 825 2274 tab.
847 2212 900 2291 23,
923 2212 988 2288 42.)

306 2361 312 2364 .
350 2303 558 2390 ὀγδοήκοντα
581 2313 656 2373 oret.
679 2307 771 2372 Drer.
798 2309 846 2389 13,
877 2307 957 2373 lesb.
987 2309 1077 2374 Eros.
1100 2307 1234 2391 Sauppe
1255 2309 1271 2374 I
1292 2312 1343 2391 303

392 2399 586 2487 ὀγδώκοντα
609 2403 677 2470 dor.
695 2403 774 2469 Ahr.
797 2403 926 2469 11280.

349 2497 549 2587 ἐνενήκοντα
571 2499 681 2584 delph.
705 2499 1010 2568 Woscher-Foucart
1032 2505 1105 2584 417,
1129 2505 1158 2592 3,.

305 2616 413 2700 Atque
427 2616 489 2683 hoc
500 2616 544 2681 ab
554 2615 645 2682 initio
660 2616 864 2700 perspicuum
880 2622 938 2698 est,
954 2616 988 2681 in
1003 2616 1054 2682 bis
1066 2635 1192 2700 quoqne
1205 2636 1345 2684 numera·

220 2714 305 2781 libus
338 2713 534 2797 quondam
563 2720 585 2778 ᾶ
610 2734 682 2798 pro
712 2737 731 2800 q
762 2712 1004 2797 pronuntiatum
1037 2732 1118 2781 esse.
1164 2713 1343 2798 Comparari

220 2812 307 2879 enim
329 2817 481 2896 possunt:

348 2907 559 2996 πεντήκοντα
581 2943 623 2953 -
646 2912 719 2973 sort.
745 2903 934 2992 publia-pot,
957 2907 1049 2976 tend.
1069 2918 1271 2994 penca-pata,
1293 2910 1343 2975 lat.
1460 2897 1461 2904 ἵ

392 3006 632 3090 quinqua-pinta
765 3021 776 3038 ·

350 3099 513 3186 ἑξήκοντα
536 3139 577 3149 -
598 3101 654 3168 lat.
676 3105 858 3186 seca-pinta

308 3272 309 3275 Ἴ
350 3195 558 3286 ὀγδοήκοντα
587 3235 628 3246 -
657 3200 712 3266 lat.
742 3201 938 3283 netad-pinta
960 3198 1140 3265 Columella
1165 3205 1220 3284 11,
1245 3204 1274 3284 2,
1297 3205 1343 3280 lo,

391 3295 461 3363 ital.
485 3299 702 3381 obuupcnurc'o
726 3296 765 3363 oi.
787 3296 895 3364 Aseoli
917 3294 1002 3364 stud.
1025 3297 1074 3363 IX
1096 3301 1169 3364 359.
1236 3375 1238 3378 ¹

306 3410 367 3477 Hie
395 3410 575 3479 accuratius
602 3411 713 3495 quaeri
748 3432 814 3478 uon
845 3411 958 3492 debet,
992 3410 1082 3494 quid.
1097 3409 1138 3476 de
1166 3413 1291 3496 origine
1316 3419 1345 3477 et

220 3516 337 3578 natura
358 3509 446 3577 illius
467 3509 590 3576 vocalis
606 3508 847 3574 uindicandum
865 3509 916 3577 sit.
953 3507 1155 3592 Quamquam
1176 3531 1243 3576 non
1265 3516 1346 3576 tacu

165 3607 172 3624 '
221 3608 300 3675 erim
316 3607 455 3673 dubitari
470 3627 575 3692 posse,
591 3626 668 3673 num
683 3612 718 3671 nt
732 3606 766 3670 in
785 3605 975 3691 τριάκοντα,
991 3604 1247 3693 τεσσαρήκοντα
1261 3608 1345 3687 (ion.)
1459 3593 1460 3616 ¹

198 3705 260 3771 -ct
276 3706 370 3790 Bopp
392 3705 492 3789 vergl
512 3704 720 3772 GrammII²
741 3707 792 3787 89,
815 3706 861 3772 ita
882 3705 916 3770 in
939 3700 1146 3789 ὀγδοήκοντα
1168 3724 1294 3790 quoque
1315 3709 1344 3770 et

221 3800 502 3888 epidoptq'aovwst
488 3799 768 3890 ενενήκονταη
704 3805 768 3887 usq
771 3805 783 3880 )
804 3802 848 3868 ad
863 3813 882 3866 d
896 3803 1129 3869 terminationis
1144 3823 1230 3868 nom
1244 3807 1341 3869 neutr

221 3899 266 3980 pl.
288 3899 505 3967 reducendum
527 3900 578 3966 sit.
614 3900 701 3966 Fieri
722 3900 808 3966 onim
830 3900 945 3987 potnit,-
968 3905 1004 3964 ut
1022 3895 1241 3986 ὀγδοήκοντα,
1264 3894 1341 3982 *dy-
1459 3911 1460 3920 ¹

223 3982 408 4076 ὃοακοντα,
443 3999 622 4081 octuepintc
644 4005 703 4065 ete.
734 3997 847 4065 eodem
876 3997 972 4064 modo
1000 4016 1042 4063 ex
1075 3997 1176 4082 o’ydoc
1211 3996 1339 4077 (Asooliz
