2986 4864
222 421 285 484 sss
746 419 824 487 suge

224 595 335 676 lingua
356 593 500 660 umbrica
521 598 557 660 ut
571 590 665 656 nobis
687 597 764 656 6616
785 596 879 670 66661,
903 608 1026 654 summo
1048 588 1161 654 labore
1183 587 1354 654 6661166161-
1484 557 1485 586 ³

224 693 311 776 lique
334 690 463 773 ingenio
487 689 676 769 effecerunt,
706 687 787 754 illud
810 709 843 750 66
864 686 1040 752 umbricum
1070 686 1269 769 (Treplmws,
1292 689 1355 764 -er)

224 809 265 857 ex
287 787 500 862 6616661616,
524 787 766 853 terminationes
788 791 895 850 autem
918 782 1061 849 eiusdem
1085 801 1179 848 66666
1201 804 1240 847 us
1263 783 1372 866 (sra-¹

224 893 305 963 1666)
328 887 441 958 61616,
471 907 505 948 66
535 885 675 961 (need-s)
697 902 739 949 ex
761 881 851 967 blsjnr
872 880 1057 947 senscritico
1079 879 1355 963 (indegermanioo

224 984 358 1067 btjams)
388 981 599 1050 derivandum
625 1000 697 1048 esse
723 985 932 1064 putaverunt3
962 997 1095 1061 quorum
1116 978 1260 1043 virorum
1284 997 1355 1044 666-

225 1083 328 1147 tentia
342 1087 428 1146 certe
442 1100 506 1146 non
521 1078 726 1146 confirmatur
741 1096 790 1160 66,
814 1076 898 1159 quod
915 1095 955 1142 ex
971 1075 1085 1142 eodem
1101 1074 1217 1142 sullixo
1233 1074 1356 1159 bdjomr

209 1179 346 1245 *exitum
375 1176 550 1242 accusativi
578 1174 714 1259 pluralis
744 1173 860 1240 ducere
890 1180 1057 1238 conantur.
1100 1171 1205 1252 Quam
1228 1178 1355 1240 666166-

225 1275 304 1342 tiam
334 1275 376 1340 de
405 1273 539 1340 ablativi
567 1272 670 1337 forma
698 1271 858 1354 prolatam
879 1271 1048 1354 quominus
1078 1289 1261 1352 sequemur,
1291 1290 1355 1334 non

153 1425 158 1432 .
226 1372 322 1437 modo
349 1370 384 1436 id
412 1371 506 1436 nobis
534 1369 765 1454 impedimento
787 1373 851 1449 661,
882 1367 967 1450 quod
982 1387 1171 1433 consonans
1191 1366 1226 1450 s
1240 1369 1295 1432 vel
1317 1366 1355 1429 ll

227 1469 386 1536 excidisse
407 1472 548 1551 putatur,
570 1466 628 1533 sed
651 1466 747 1533 etiem
762 1466 848 1531 aliae
863 1483 990 1546 666666,
1013 1484 1096 1547 quae
1110 1484 1169 1530 suo
1185 1465 1258 1530 loco
1274 1485 1355 1530 com·

227 1566 496 1632 memorabuntur.
678 1565 680 1570 '

314 1665 351 1728 ln
385 1661 522 1729 eundem
560 1678 699 1726 errorem
735 1658 910 1726 (lorssenus
947 1658 1122 1735 (Kritisohe
1157 1658 1355 1741 Nachtrage,

227 1761 360 1844 Leipzig
378 1763 461 1826 1866
476 1778 550 1843 pag.
561 1760 637 1834 216)
650 1755 798 1822 inductus
813 1762 873 1838 661,
889 1757 943 1839 661
956 1757 1092 1839 [661666
1107 1775 1148 1821 ex
1169 1754 1356 1840 *fratr-osor

228 1857 450 1939 excidentes
470 1857 639 1921 formatum
665 1872 737 1919 esse
766 1854 828 1918 sibi
855 1855 1031 1938 persuasit,
1061 1853 1187 1937 66616
1216 1855 1357 1938 explica·
1484 1935 1485 1938 Ἴ

228 1955 316 2022 11666
337 1975 380 2022 66
402 1952 574 2020 connectio
598 1949 737 2033 quidem,
761 1970 824 2033 qua
840 1972 859 2014 6
874 1952 1012 2017 litteram
1029 1971 1070 2016 ex
1085 1971 1103 2013 e
1117 1957 1214 2034 61666
1230 1973 1249 2013 6
1265 1971 1357 2024 6666,-
1484 1959 1485 2024 3

227 2052 314 2118 libus
329 2058 430 2118 ortam
454 2069 525 2117 esse
540 2047 714 2129 contendit,
738 2047 947 2114 concedenda
961 2055 1019 2115 661.
1056 2047 1224 2126 Quomodo
1242 2050 1357 2133 stirpes

229 2149 263 2213 in
277 2151 292 2211 i
305 2156 459 2215 exeuntes
481 2167 516 2214 66
538 2147 689 2225 habeant,
712 2145 784 2229 ipse
804 2166 869 2211 non
889 2153 1025 2230 reputat,
1047 2165 1108 2212 666
1129 2153 1267 2230 6666661
1281 2148 1358 2213 11166

228 2245 412 2312 formasse
435 2241 530 2308 modo
554 2242 717 2325 explicari.
760 2244 930 2309 Praeterea
952 2243 1032 2309 haec
1054 2245 1231 2324 sententia,
1263 2263 1358 2326 quam

229 2341 327 2408 hodie
347 2341 440 2406 multi
469 2339 615 2406 homines
643 2339 727 2405 docti
756 2341 922 2423 (66116616,
953 2340 1183 2406 Formenlehre
1205 2342 1266 2408 der
1288 2343 1358 2407 osk.

230 2438 314 2522 Sps,
337 2438 451 2504 Zliriclr
470 2440 547 2502 1871
573 2457 647 2520 pag.
663 2438 732 2502 LX.
749 2438 857 2504 LXVI
874 2459 904 2504 6.
920 2440 962 2514 6.)
985 2437 1132 2521 probant,
1156 2458 1254 2521 quam
1277 2439 1359 2505 falsa

229 2535 281 2617 sit,
305 2537 358 2600 661
381 2535 521 2600 maxime
543 2553 584 2600 ex
606 2535 667 2601 hac
689 2554 724 2600 re
745 2536 883 2619 perspici
906 2542 1026 2619 potest:
1060 2534 1087 2600 61
1108 2555 1146 2597 us
1166 2535 1260 2601 verbi
1279 2536 1360 2619 frn-

229 2644 299 2697 1666
315 2653 356 2699 ex
378 2633 436 2697 tus
449 2667 493 2678 -
505 2630 568 2714 sus
581 2667 624 2680 -
637 2631 762 2717 6166-
782 2632 883 2715 dlrjas,
906 2637 1003 2714 atque
1024 2633 1053 2694 16
1073 2633 1164 2697 verbi
1182 2633 1361 2716 procedetis

230 2726 434 2814 (6666616116)
458 2750 499 2794 ex
521 2729 625 2792 1616-
638 2729 686 2813 fis
705 2765 748 2776 -—
760 2728 826 2813 fies
847 2765 889 2776 -
912 2728 1003 2812 cujas
1025 2735 1095 2795 orta
1116 2737 1215 2815 esset,
1240 2739 1360 2797 utrum·

230 2848 294 2910 666
307 2850 324 2889 s
337 2845 441 2910 aequo
456 2826 552 2892 modo
567 2846 606 2892 66
617 2828 755 2910 simplex
768 2827 802 2892 in
818 2826 937 2892 tabulis
952 2826 1083 2908 linguae
1093 2827 1227 2896 iunioris
1242 2830 1361 2895 umbri·

230 2945 290 2990 cae
320 2924 419 2989 latine
441 2922 566 3007 seriptis
589 2924 622 2989 16
644 2946 663 2986 6
685 2930 809 2990 mutata
832 2929 932 3005 esset,
962 2924 1048 3006 quod
1069 2925 1188 2992 iactum
1211 2949 1279 2993 non
1304 2935 1361 2995 est

317 3020 461 3086 Brealus.
477 3021 602 3101 (Brdal,
631 3021 694 3086 Les
716 3022 821 3087 tables
843 3021 1045 3102 Eugubines,
1070 3023 1299 3108 Bibliothdque
1322 3025 1361 3091 de
1483 3035 1484 3100 l

231 3115 343 3182 l¹deole
365 3115 423 3182 des
446 3117 559 3183 hautes
581 3116 702 3198 dtudes,
728 3119 820 3185 Paris
846 3121 925 3184 1875
949 3137 1023 3202 pag.
1048 3120 1079 3197 7)
1102 3119 1145 3186 ad
1168 3121 1229 3187 has
1252 3123 1361 3188 varias

231 3214 350 3280 formas
383 3213 606 3298 explanandas
639 3215 787 3281 suffixum
816 3239 846 3288 6,
878 3215 962 3298 quod
995 3217 1030 3281 in
1057 3240 1076 3280 6
1103 3225 1257 3300 mutatur,
1291 3239 1362 3286 cum

232 3331 348 3395 graeco
372 3331 407 3377 σι
430 3311 603 3378 convenire
625 3318 752 3396 616666
769 3313 968 3380 immutabile
989 3333 1105 3397 graeco
1128 3335 1205 3381 εσσι
1227 3337 1362 3401 respon·

234 3407 310 3476 dere
332 3415 433 3492 putat.
466 3409 510 3474 At
531 3429 595 3474 non
618 3410 714 3475 modo
736 3431 756 3474 6
777 3411 859 3475 illud
881 3411 914 3475 in
928 3410 1064 3494 fratros
1085 3412 1162 3495 quid
1185 3413 1246 3479 sibi
1270 3415 1361 3496 66111,

232 3528 298 3572 666
320 3506 521 3590 perspicitur,
544 3505 715 3572 sedetiam
738 3508 799 3573 hoo
821 3508 895 3574 huic
910 3508 1115 3591 explicationi
1132 3511 1249 3594 obstat,
1273 3512 1360 3596 quod

233 3611 311 3670 occi
333 3604 427 3670 66166
449 3603 580 3686 linguae
601 3623 737 3686 6666666
758 3606 920 3689 proprium
936 3612 994 3670 661.
1032 3606 1116 3671 Nam
1132 3607 1227 3672 huius
1241 3608 1360 3675 torma-

152 3775 155 3780 ,
233 3701 332 3768 116616
347 3720 417 3766 eum
432 3701 466 3764 in
488 3699 601 3782 lingua
621 3700 725 3777 latina
738 3702 875 3786 vestigia
889 3702 980 3767 nulla
994 3709 1131 3785 exstent,
1156 3704 1268 3772 dubito
1284 3727 1361 3771 num
1482 3765 1483 3770 ,

233 3798 267 3864 16
290 3799 401 3881 lingua
422 3797 532 3864 italica
558 3797 602 3863 ad
629 3798 789 3866 ablativos
816 3800 952 3883 pluralis
981 3801 1104 3866 numeri
1133 3803 1303 3869 verborum
1325 3806 1359 3870 in

233 3903 463 3960 consonantem
486 3896 540 3959 vel
554 3895 569 3956 i
582 3897 765 3962 exeuntium
786 3897 973 3963 formandos
991 3897 1057 3963 alia
1070 3897 1173 3964 forma
1187 3905 1285 3983 61666
1297 3901 1361 3985 sos
1482 3889 1483 3916 ¹

234 3991 287 4055 vel
311 3989 365 4054 166
386 3996 539 4074 66666616
560 3992 611 4058 611.
