2968 4866
245 383 309 446 262
479 465 482 472 .
522 425 525 430 -
740 382 875 438 Schrader

247 559 451 640 carminibus,
473 575 546 622 cum
569 556 729 622 variorum
751 561 929 638 temporum
952 561 985 620 et
1006 553 1119 636 poesin
1143 561 1175 620 et
1195 572 1373 620 sermonem

247 657 342 724 nobis
363 656 511 738 prodant,
534 665 784 740 nonne'parvus
806 653 918 718 talium
941 652 1169 738 uocabulorum
1192 651 1373 717 vocalem&

247 754 468 821 exhibentium
484 772 634 819 numerus
649 753 852 838 conspicitur,
868 772 951 836 quae
964 756 1000 816 ut
1014 746 1093 829 θεά,
1109 754 1208 829 θεᾶς,
1223 753 1294 834 θεᾷ
1305 755 1374 827 etc,

247 849 411 931 Αἰνείας,
438 845 606 934 Ἑρμείας,
635 849 701 934 μάν
725 859 784 918 etc.
813 872 878 917 non
901 847 1028 916 Aeolidi
1051 847 1109 913 sed
1131 845 1306 930 antiquiori
1326 846 1375 910 Io-

246 949 341 1015 nismi
357 950 454 1015 statui
468 946 667 1014 vindicanda
682 968 753 1015 esse
768 954 801 1014 et
815 947 1019 1014 Hinricbsius
1034 945 1087 1024 (de
1104 944 1190 1009 bom.
1199 944 1285 1009 elec.
1296 950 1374 1008 rest.

246 1048 329 1114 aeol.
345 1068 377 1131 p.
393 1049 444 1112 73.
460 1051 498 1124 s.)
521 1052 554 1111 et
570 1045 736 1113 Hardems
758 1045 813 1124 (de
835 1070 857 1110 α
879 1045 984 1111 vocali
1005 1042 1093 1128 apud
1107 1041 1284 1136 Homerum
1306 1061 1376 1126 pro-

208 1142 221 1148 ’
248 1144 344 1212 ducta
365 1165 396 1228 p.
414 1147 465 1210 85.
481 1145 520 1222 s.)
541 1143 663 1227 pariter
684 1142 930 1210 iudicaverunt?

294 1237 295 1241 ’
333 1240 426 1320 Quod
448 1259 519 1306 cum
542 1241 588 1307 ita
613 1241 669 1324 sit,
700 1240 839 1306 dubitari
867 1261 932 1325 non
960 1245 1081 1324 potest,
1111 1235 1188 1320 quin
1212 1235 1374 1319 quondam

246 1339 343 1404 Iones
370 1339 404 1402 in
432 1341 454 1400 ἅ
477 1339 655 1405 mutatione
676 1339 791 1404 Atticis
820 1358 916 1421 pares
944 1337 1087 1419 luerint,
1107 1332 1303 1417 migratione
1329 1353 1375 1400 se-

247 1436 352 1501 cuneti
381 1435 550 1520 paullatim
579 1437 614 1501 in
643 1457 714 1503 eam
737 1434 905 1501 dilatatam
933 1433 1055 1500 vocalis
1083 1431 1374 1516 pronuntiationem
1429 1432 1432 1438 ’
1470 1481 1471 1508 ,

247 1532 373 1616 delapsi
402 1533 485 1615 sint,
514 1553 609 1616 quam
637 1533 671 1598 in
700 1534 887 1601 recentioris
915 1532 1003 1599 Iadis
1033 1537 1065 1599 et
1092 1529 1194 1596 titulis
1224 1535 1256 1594 et
1286 1528 1374 1594 libris

247 1629 469 1716 perspicimus.

332 1731 438 1812 Atque
460 1747 501 1794 ne
523 1727 565 1796 de
586 1727 704 1795 atticae
726 1728 856 1812 quidem
880 1727 1009 1793 dialecti
1038 1726 1132 1791 huius
1153 1724 1285 1792 litterae
1307 1745 1373 1805 usu,

183 1827 186 1831 ’
246 1824 273 1892 si
304 1844 376 1890 eum
405 1835 477 1891 curn
507 1825 653 1894 dialectis
680 1825 910 1892 aeolo-doricis
939 1829 1123 1911 comparas,
1158 1823 1188 1889 J.
1218 1822 1374 1888 Schmidti

245 1922 437 1990 sententiam
452 1924 665 2007 probaverim.
695 1924 849 2003 Quamvis
865 1923 950 1988 enim
965 1920 1199 2008 perdolendum
1215 1919 1269 2002 sit,
1292 1919 1374 2003 qnod

245 2020 381 2086 historia
403 2021 603 2104 antiquorum
619 2022 776 2088 Graeciae
797 2027 976 2104 temporum
988 2019 1082 2104 ‚quasi
1105 2039 1148 2084 ex
1167 2018 1288 2085 fabulis
1303 2038 1373 2101 poe-

247 2125 350 2184 tarum
378 2117 521 2200 petenda
549 2125 667 2184 est-
696 2121 723 2184 si
752 2117 881 2202 quidem
910 2119 986 2184 licet
1014 2117 1165 2184 historico
1194 2116 1228 2181 in
1257 2116 1373 2182 fabulis

246 2234 372 2298 quoque
395 2214 517 2296 aliquid
540 2217 608 2282 veri
630 2236 822 2299 cognoscere
839 2251 882 2262 -—
899 2215 960 2281 hoc
982 2235 1080 2280 unum
1102 2214 1248 2297 intellegi
1270 2221 1373 2297 potest

245 2311 360 2396 priscis
382 2311 446 2377 illis
468 2313 664 2396 temporibus
686 2321 784 2380 totam
801 2313 969 2380 Graeciam
988 2313 1122 2378 averiis
1137 2312 1290 2395 gentibus
1305 2331 1370 2378 esse

147 2430 149 2434 ’
245 2416 465 2494 peragratam,
492 2411 626 2478 alteram
648 2412 742 2479 alteri
764 2412 971 2494 successisse,
995 2412 1080 2476 hanc
1101 2409 1262 2492 diffusam,
1285 2410 1370 2474 illam

244 2527 449 2593 suppressam
475 2526 557 2574 esse.

331 2605 404 2671 Non
428 2605 500 2670 dico
522 2605 732 2672 dialectorum
753 2605 838 2671 bunc
860 2604 1022 2688 ordinem,
1051 2604 1112 2670 hoc
1134 2612 1288 2690 stemma,
1314 2625 1371 2688 quo
1473 2633 1474 2666 1

246 2723 331 2769 nunc
363 2704 521 2769 tralaticio
555 2723 644 2770 more
676 2703 823 2786 singulae
852 2709 1008 2785 gentesa
1035 2702 1138 2787 primo
1167 2703 1226 2769 illo
1255 2705 1371 2789 populo

246 2795 434 2868 discessisse
456 2800 619 2883 dicuntur,
649 2821 779 2886 prorsus
801 2820 873 2867 esse
894 2807 1025 2866 rectum.
1069 2800 1205 2882 Vereor,
1229 2820 1272 2867 ne
1294 2789 1372 2884 qu'ae

244 2899 329 2964 inter
344 2897 470 2964 doricas
492 2904 525 2964 et
546 2899 686 2966 aeolicae
705 2897 891 2964 discrimina
912 2898 1101 2965 adferuntur
1116 2897 1284 2980 dialectos,
1306 2919 1372 2984 per·

245 2995 391 3078 paullum
413 2997 554 3062 valeant.
598 2995 715 3063 Nescio
738 3017 781 3061 an
802 2996 862 3061 illa
882 2995 1061 3062 stemmatis
1088 2996 1211 3079 imago,
1242 3016 1307 3079 qua
1327 2991 1371 3062 uu

245 3094 360 3175 solent,
384 3112 448 3157 non
471 3099 549 3175 apta
570 3092 613 3158 sit
627 3100 725 3177 atque
739 3092 948 3160 accomodata
962 3111 1147 3177 graecarum
1164 3092 1371 3162 dialectorum

246 3189 443 3270 condicioni;
472 3188 538 3256 fieri
562 3191 646 3257 enim
668 3191 787 3275 potuit,
816 3196 852 3256 ut
873 3191 979 3275 potius
1000 3191 1148 3274 singulae
1169 3197 1284 3274 gentes
1309 3192 1371 3258 alia

111 3253 112 3258 ἵ
175 3347 178 3351 .
245 3293 320 3371 post
341 3287 438 3353 aliam
461 3307 482 3352 a
506 3288 608 3370 primo
635 3287 693 3353 illo
721 3290 842 3373 populo
864 3288 1117 3371 digrederentur.
1161 3288 1228 3354 Sed
1251 3288 1292 3356 de
1313 3290 1370 3355 hoo

246 3392 316 3450 utut
347 3383 505 3450 iudicabis
533 3420 576 3431 -
604 3405 643 3451 ac
675 3405 770 3469 spero
799 3387 903 3468 ipsam
931 3387 1016 3452 hanc
1046 3385 1294 3470 disputationem
1322 3381 1368 3458 his

244 3481 341 3548 rebus
366 3481 490 3564 aliquid
516 3482 595 3548 lucis
617 3483 789 3549 allaturam
813 3503 884 3551 esse
905 3520 958 3568 —‚
982 3503 1025 3551 ex
1045 3484 1125 3568 ipsis
1148 3482 1295 3551 dialectis
1316 3483 1365 3548 de

245 3580 416 3646 monstrari
438 3585 553 3664 potest,
580 3579 692 3664 priscis
714 3580 781 3646 illis
801 3581 999 3666 temporibus
1021 3581 1063 3648 ad
1084 3581 1216 3664 linguae
1238 3598 1363 3665 graecae

246 3675 402 3747 dialectos
429 3675 673 3744 constituendas
702 3677 813 3759 quanti
844 3680 998 3745 momenti
1029 3679 1254 3763 migrationes,
1287 3679 1361 3745 colo-

245 3775 334 3852 niae,
358 3769 520 3858 digressus
541 3775 667 3843 luerint.
