2986 4864
243 409 306 471 354
370 409 373 414 '
758 405 850 476 Spiess

182 616 186 623 ·
244 588 339 668 (quae
354 587 402 648 est
417 575 588 659 ὄνθεισα),
609 577 677 660 sed,
696 578 824 645 sirecte
841 577 975 660 legatur,
993 575 1153 644 Laconica
1168 576 1376 646 videaturad

244 688 420 748 ceterorum
443 676 678 762 participiorum
700 675 883 757 analogiam
900 680 1103 755 commutata,
1128 673 1250 742 debeas
1274 696 1314 743 ex
1337 696 1376 743 aa

245 777 404 862 conjicere
427 773 576 852 ἐνθεῖσα,
600 793 665 839 non
688 771 847 840 ἐνθέωσα
862 773 1025 838 Laconum
1041 771 1150 839 fuisse.
1167 807 1210 820 -
1227 797 1262 838 εε
1281 781 1313 839 ct
1327 797 1375 840 εει

245 875 358 952 (adult.
382 872 520 956 diphth.)
542 878 722 937 contractas
739 867 913 936 ostendunt
926 869 1192 950 omnes‘lormae‚
1217 889 1302 952 quae
1324 891 1376 938 cx-

245 978 325 1038 taut.
348 970 387 1036 ci.
405 971 425 1050 ξ
441 972 470 1035 7.
507 969 581 1035 Non
600 973 772 1052 supersunt
786 968 935 1050 exempla
957 965 1184 1033 declinationis
1198 968 1375 1049 nominum,

246 1076 281 1136 ut
307 1064 617 1153 cprppachysistr.
644 1068 713 1130 172.
745 1099 781 1110 -
813 1084 922 1130 scum
948 1064 1089 1145 genuina
1118 1063 1323 1147 diphthongo
1347 1089 1375 1130 ει

246 1165 334 1252 apud
362 1183 473 1231 omnes
499 1165 602 1228 Dones
629 1161 663 1227 in
687 1185 717 1226 ει
739 1162 905 1228 coalescit:
944 1158 1135 1227 ἐπανθεῖ
1161 1181 1241 1245 pap.
1265 1166 1295 1226 2.
1322 1165 1375 1244 19,

247 1260 459 1344 dosaipap.
476 1264 505 1325 3.
525 1264 578 1341 11;
602 1259 913 1342 ἐπαινεῑραρ.3.
932 1261 987 1340 13;
1010 1258 1276 1343 sppsi(?)pap.
1295 1263 1377 1341 3.9;

247 1360 352 1427 soluta
373 1358 475 1424 forma
496 1356 596 1422 semel
618 1356 752 1422 occurrit
780 1355 813 1419 iu
844 1375 968 1439 papyro
999 1353 1157 1434 δοκέει,
1187 1356 1247 1421 sed
1277 1357 1324 1423 ita
1344 1366 1377 1421 ut

249 1481 299 1523 εει
326 1474 423 1520 unam
452 1453 611 1538 syllabam
639 1452 736 1519 iaciat
757 1457 785 1518 2.
812 1457 861 1518 11.
898 1487 951 1506 -·
971 1475 1009 1517 εα
1037 1452 1069 1515 iu
1096 1454 1377 1520 terminationibus

247 1553 362 1620 tertiae
391 1550 614 1617 declinationis
642 1550 684 1616 ab
713 1549 945 1632 antiquioribus
973 1549 1184 1616 Doriensibus
1213 1572 1281 1616 uon
1310 1571 1377 1618 esse

249 1655 422 1729 contracta,
446 1648 572 1713 Abrens
594 1647 687 1714 bouis
708 1647 905 1729 argumentis
922 1645 1135 1730 demonstrat;
1159 1647 1202 1713 ad
1227 1651 1377 1734 exempla

248 1749 291 1814 ab
313 1747 369 1812 illo
392 1746 494 1811 allata
509 1764 594 1810 nuuc
608 1743 732 1811 accedit
748 1764 765 1810 c
780 1743 941 1810 Laconica
957 1743 1094 1811 dialecto
1110 1750 1211 1834 νένεα
1227 1748 1262 1812 iu
1286 1749 1376 1812 titulo

248 1842 481 1911 aKirohhotfio
497 1843 584 1909 edito
606 1841 776 1916 (Monatsb.
793 1841 823 1906 d.
840 1842 925 1908 Berl.
941 1841 1042 1907 Acad.
1059 1841 1090 1908 d.
1106 1842 1157 1907 W.
1177 1847 1261 1908 1870
1278 1866 1309 1929 p.
1326 1849 1376 1921 60)

250 1949 373 2008 extans.
411 1938 507 2023 Apud
526 1940 714 2005 Alcmauem
738 1939 826 2004 utin
849 1939 947 2021 epicis
970 1939 1165 2005 carminibus
1187 1941 1287 2007 modo
1310 1961 1377 2007 coa·

249 2041 374 2105 lesount
389 2037 483 2102 modo
499 2057 564 2100 non
580 2038 776 2102 coalescunt:
799 2034 928 2100 κάδεα
943 2036 980 2102 11.
992 2039 1047 2118 99;
1071 2036 1159 2102 aliud
1176 2037 1316 2105 fortasse
1328 2058 1376 2105 ex-

250 2135 391 2218 emplum
406 2134 601 2216 incorrupto
618 2130 814 2214 σκαμύνθεα
829 2133 910 2198 latet
920 2132 956 2196 ir.
966 2137 1017 2197 44.
1040 2133 1105 2199 Sed
1122 2133 1287 2222 ιιοὸώκη
1304 2157 1377 2220 pap.

253 2235 318 2313 1.3,
335 2227 499 2315 Εὐιείχη
510 2249 585 2314 pap.
597 2233 653 2294 16
668 2250 733 2295 non
748 2230 783 2295 in
795 2230 907 2295 charta
918 2236 1041 2312 extans,
1058 2229 1116 2297 sed
1129 2250 1147 2296 e
1158 2231 1296 2299 frustulo
1309 2235 1377 2299 Alc·

249 2326 376 2393 manico
391 2328 425 2392 in
441 2325 546 2392 Gram.
562 2326 682 2392 Anecd.
700 2326 802 2393 Oxon.
813 2327 838 2392 I.
855 2330 924 2392 159.
941 2330 960 2391 2
982 2335 1109 2393 servato
1124 2328 1170 2393 ibi
1186 2330 1376 2396 restitutum.

251 2421 360 2510 ἄνθη
374 2425 468 2491 nana.
484 2458 525 2472 -·
536 2425 652 2490 Dorica
669 2445 741 2492 esse
755 2425 882 2491 videtur
897 2431 1061 2490 contracta
1075 2425 1178 2492 forma
1190 2416 1212 2513 ἦ
1220 2453 1240 2509 ρ
1257 2428 1377 2511 (Bergk

251 2526 327 2610 κῆρ)
342 2521 378 2587 11.
396 2526 446 2603 76,
470 2541 544 2585 uam
561 2522 730 2590 Homerica
745 2522 888 2590 carmina
909 2521 1059 2604 ignorant
1080 2525 1165 2589 hanc
1186 2525 1378 2591 nominativi

251 2620 395 2686 iormam.
446 2618 511 2686 Sed
535 2618 650 2704 εἴαρος
672 2621 709 2686 ir.
733 2624 784 2687 26.
807 2626 827 2686 4
850 2639 890 2687 ex
918 2620 1011 2703 epica
1040 2619 1179 2687 dialecto
1209 2621 1379 2706 depromp·
1479 2667 1480 2676 1

250 2724 316 2783 tum
346 2723 404 2784 est.
455 2718 529 2783 Non
562 2719 668 2785 minus
698 2718 848 2784 Doricum
878 2717 1062 2785 habendum
1093 2723 1142 2785 est
1169 2719 1251 2806 βλῆ
1258 2745 1279 2804 ρ
1310 2722 1330 2786 1.
1353 2740 1379 2786 e.

252 2813 383 2900 δέλεαρ,
407 2816 434 2880 si
456 2835 491 2880 re
513 2835 591 2881 vera
612 2817 721 2898 glossa
735 2815 942 2900 Hesychiana
964 2815 1111 2882 Alcmani
1134 2815 1313 2882 tribuenda
1335 2824 1380 2883 est

250 2931 356 2994 neque
377 2912 694 2979 cumSchoemanno
708 2909 921 2994 Ἀλκμαίωνι
949 2913 983 2977 in
1001 2909 1148 2998 Ἀλκαίῳ
1178 2915 1378 2981 mutandum.
1478 2967 1479 2992 ,

251 3007 419 3073 Insolitam
441 3011 690 3076 contractionem
713 3029 900 3093 perpessum
922 3018 971 3076 est
992 3009 1179 3075 adverbium
1204 3010 1253 3096 ῥᾶ
1276 3012 1314 3078 11.
1331 3017 1379 3092 42,
1478 2997 1479 3017 ’

253 3103 294 3169 dc
323 3123 385 3186 quo
414 3111 547 3170 testatur
569 3108 675 3189 Apoll.
704 3107 738 3172 in
762 3108 868 3174 Bekk.
891 3107 1004 3173 anecd.
1028 3110 1106 3188 566,
1137 3097 1178 3173 eir
1208 3108 1286 3194 ῥεῖα
1311 3109 1378 3197 ῥέα,

251 3200 314 3266 nisi
338 3201 456 3266 Dorica
477 3200 579 3267 torma
600 3204 735 3270 fortasse
758 3205 837 3292 ῥεῖα
852 3206 911 3271 ·vel
935 3204 1000 3291 ῥᾷα
1022 3211 1173 3270 sonuerat
1195 3205 1248 3282 (ci.
1267 3206 1379 3294 ῥᾴων).
1477 3209 1478 3238 *

254 3297 401 3364 Ceterum
425 3298 652 3366 conferendum
674 3309 723 3368 cst
745 3299 911 3388 ῥᾴθνμος.

338 3395 555 3462 Diaeresin
577 3417 661 3480 quae
683 3398 798 3464 dicitur
820 3400 981 3483 digammo
1005 3399 1083 3465 eliso
1100 3420 1170 3465 raro
1195 3421 1283 3467 nunc
1307 3387 1379 3486 legi-

252 3513 338 3577 mus3
369 3500 445 3559 uota
467 3493 537 3577 ejus
559 3502 688 3562 servata
709 3505 757 3563 est
779 3497 812 3561 in
841 3493 986 3573 ἀῑιὶας
1015 3497 1079 3570 (vel
1103 3492 1227 3574 ἀΐτιας)
1252 3499 1378 3583 χορδάς

254 3593 304 3656 Et.
328 3591 370 3655 M.
394 3594 445 3656 43.
469 3596 509 3656 40
531 3591 680 3674 (11.125),
705 3613 788 3675 quae
810 3614 873 3659 vox
896 3591 1053 3675 siguificat
1073 3591 1134 3670 τὰς
1157 3591 1329 3677 ἐρωτικός
1349 3603 1378 3662 et

252 3688 294 3753 ab
313 3685 410 3774 ἀΐιης
426 3687 600 3769 descendit,
625 3688 742 3774 dequo
758 3692 903 3758 conteras
918 3691 1003 3757 (lunt.
1019 3688 1132 3755 (irdn.4
1146 3693 1220 3756 389.
1252 3693 1378 3759 Deinde
1475 3761 1476 3776 y

253 3783 397 3850 hiscam
425 3787 546 3872 recepit
567 3787 676 3869 Bergk
699 3794 811 3852 contra
838 3788 991 3854 librorum
1019 3791 1206 3856 memoriam
1239 3792 1377 3856 metricis
1475 3781 1476 3798 ¹

254 3879 358 3945 causis
380 3889 569 3948 commotus:
594 3878 754 3948 ὂῑώνων
769 3885 806 3950 11.
824 3889 874 3952 60.
891 3889 926 3964 63
950 3886 1151 3952 Λατοΐδα
1166 3887 1203 3952 11.
1224 3891 1273 3969 19,
1299 3907 1376 3972 quae

252 3974 445 4041 mentiones
467 3978 658 4046 velociorem
680 3981 864 4064 rhythmum
888 3984 1037 4066 efficiunt,
1060 3984 1117 4050 sed
1141 4006 1206 4050 uon
1227 3991 1305 4050 sunt
1326 4003 1376 4050 ne-
