2986 4864
256 429 318 491 386
778 431 855 500 Ruga

256 607 291 672 in
322 606 470 672 omnibus
503 603 650 670 dialectis
682 603 933 670 instrumentalis
968 622 1039 669 cum
1074 604 1220 671 ablativo
1259 607 1382 692 coaluit,

257 705 370 770 localis
397 703 431 768 in
463 702 576 783 lingua
609 701 712 767 latina
744 703 859 785 partim
890 721 960 768 cum
990 702 1133 767 ablativo
1168 704 1287 786 partim
1315 725 1383 771 cum

257 802 408 885 genetivo
430 799 482 866 vel
506 797 616 863 dativo
639 800 901 881 coniungebatur,
933 799 1070 881 vestigia
1097 806 1206 866 tammr
1237 821 1282 867 ne
1302 822 1384 868 nuuc

259 898 388 982 quidem
410 896 508 980 plane
531 904 738 962 evanuerunt.
811 915 814 920 ·

342 996 412 1061 Iam
435 999 470 1059 ut
493 992 533 1058 de
554 994 690 1059 ablativi
712 1013 772 1058 usu
794 1013 1007 1077 exponamus,
1038 995 1135 1060 etiam
1159 994 1200 1060 dc
1222 995 1385 1061 adverbiis

257 1092 415 1160 localibus
438 1089 666 1174 disputandum
682 1089 753 1170 erit,
776 1108 982 1172 aequavero,
1005 1093 1155 1174 quoniam
1178 1094 1383 1158 terminorum

257 1188 482 1272 temporalium
505 1205 623 1269 magna
645 1207 720 1270 pars
741 1194 829 1254 recta
852 1186 905 1252 via
928 1207 969 1254 ex
991 1187 1148 1255 localibus
1169 1196 1242 1280 orta
1264 1196 1331 1271 est,
1353 1190 1383 1255 hi

257 1287 357 1370 plane
378 1284 506 1352 silentio
529 1284 696 1367 praeteriri
719 1291 862 1367 possunt.

342 1382 520 1465 Scriptores
542 1381 660 1447 latinos
684 1401 793 1448 omnes
815 1399 916 1464 usque
938 1382 981 1447 ad
1004 1382 1189 1448 Terentium
1212 1386 1383 1466 perlustra·

256 1480 370 1561 vimus,
393 1479 439 1544 ita
462 1484 580 1558 tamen,
604 1485 638 1542 ut
660 1480 810 1562 exempla
828 1478 949 1546 exiliis
972 1479 1144 1562 praecipue
1159 1480 1280 1546 fabulis
1295 1482 1384 1548 Plau·

257 1577 333 1643 tinia
355 1575 569 1657 hauriremus,
600 1595 683 1658 quae
711 1584 862 1643 accurate
884 1577 992 1644 editae
1012 1582 1103 1658 sunt,
1127 1577 1174 1642 eis
1196 1585 1323 1659 autem,
1345 1578 1384 1644 ad

257 1693 338 1758 quas
359 1679 537 1757 apparatus
558 1671 685 1740 criticus
708 1672 815 1755 deest,
844 1695 910 1740 non
935 1676 1069 1740 multum
1099 1674 1323 1742 tribueremus.
1346 1711 1384 1720 *-

256 1772 435 1855 Librorum,
461 1790 540 1853 quos
560 1769 781 1853 adhibuimus,
808 1771 841 1836 hi
864 1771 1063 1856 potissimum
1084 1771 1277 1838 nominandi
1298 1780 1383 1839 sunt:

255 1868 512 1936 Delbruecki
534 1868 617 1934 liber
639 1868 676 1951 is,
703 1869 792 1936 cuius
813 1868 878 1935 iam
901 1889 998 1952 supra
1019 1869 1216 1935 mentionem
1238 1871 1383 1954 fecimus;

256 1967 417 2033 Holtze:
462 1965 616 2050 Syntaxis
646 1966 741 2049 prisc.
772 1964 862 2030 latin.
891 1966 1023 2049 Lipsiae
1054 1969 1150 2049 18613
1189 1969 1382 2052 Draeger:

256 2062 453 2129 Historisohe
476 2061 601 2146 Syntax
624 2060 654 2124 d.
677 2062 732 2128 lat.
756 2062 910 2145 Sprache,
933 2063 1065 2146 Leipzig
1091 2066 1189 2146 1874,
1213 2066 1269 2148 qui
1294 2067 1384 2132 homo
1487 2107 1488 2144 3

256 2159 370 2226 doctus
392 2159 446 2225 ubi
469 2159 510 2224 de
532 2159 672 2240 antiquis
694 2159 890 2242 temporibus
912 2161 989 2244 agit,
1011 2162 1201 2244 plerumque
1224 2163 1384 2230 Hcltuium

256 2263 382 2324 secutus
398 2261 455 2322 est.
493 2255 599 2320 Etiam
615 2275 635 2320 a
651 2255 759 2320 Brixio
783 2263 815 2323 et
830 2258 998 2324 Lorentzio
1013 2257 1047 2322 in
1063 2258 1286 2326 Plautinarum
1300 2261 1385 2326 iabu-

255 2353 359 2418 larum
390 2351 584 2418 editionibus
611 2353 713 2418 multa
742 2373 825 2440 quae
853 2354 914 2420 huc
948 2355 1109 2438 pertinent
1138 2356 1385 2440 diligentissime

256 2449 392 2516 collecta
414 2455 497 2515 sunt.
541 2450 654 2532 Itaque
676 2469 747 2516 cum
770 2471 909 2534 magnae
930 2453 1135 2520 collectiones
1160 2454 1226 2520 iam
1250 2457 1294 2522 ab
1317 2456 1385 2522 aliis

254 2547 419 2615 coniectae
441 2547 522 2629 sint,
546 2565 607 2631 ego
629 2547 663 2612 id
685 2548 825 2615 maxime
848 2548 914 2631 egi,
938 2556 972 2614 ut
993 2548 1053 2616 has
1074 2551 1279 2634 supplerem,
1304 2552 1385 2636 quod

255 2645 384 2728 quidem
406 2643 577 2726 aliquoties
599 2645 714 2711 fructui
737 2665 808 2712 esse
836 2647 963 2730 putaui;
993 2654 1161 2731 praeterea
1183 2651 1299 2732 paucis
1321 2657 1387 2718 tau·

255 2749 324 2808 tum
346 2743 449 2824 iisque
470 2741 670 2824 gravissimis
693 2743 851 2826 exemplis
874 2743 923 2810 usi
945 2763 1063 2811 sumus.

729 3045 855 3122 CAPUT
881 3048 912 3122 Ι.

533 3212 602 3278 DE
648 3213 872 3282 OASUUM
914 3215 1109 3283 FORMA.

579 3386 606 3447 1.
637 3382 857 3452 Ablativus
880 3385 1062 3470 pluralis.

341 3516 380 3582 In
401 3515 504 3581 forma
525 3516 658 3584 ablativi
681 3520 816 3602 pluralis
834 3521 1057 3604 cognoscenda
1073 3540 1156 3604 quae
1179 3522 1386 3596 difficultates

254 3613 370 3694 insint,
399 3613 560 3680 neminem
590 3616 680 3698 fugit.
725 3618 884 3700 Equidem
906 3619 1011 3702 Boppi
1034 3618 1155 3701 (Vergl.
1178 3621 1385 3690 Grammatik

182 3751 191 3758 ν
254 3713 280 3776 l.
296 3714 381 3790 485),
405 3729 498 3792 quem
522 3711 578 3776 alii
601 3713 661 3777 viri
683 3713 858 3781 doctissimi
880 3716 980 3781 secuti
1002 3721 1085 3797 sunt,
1108 3719 1306 3786 senteutiam
1329 3722 1386 3786 im-

254 3806 455 3888 probandam
484 3826 556 3874 esse
583 3809 695 3893 oredo,
729 3831 812 3895 nego
842 3813 927 3879 enim
957 3813 991 3878 in
1020 3812 1080 3878 hoc
1108 3833 1185 3880 casu
1213 3816 1384 3884 formando

254 3902 397 3983 linguam
426 3922 577 3986 graecam
604 3912 701 3988 atque
728 3909 879 3991 latinam,
910 3929 989 3993 quas
1019 3909 1178 3978 artissime
1207 3914 1384 3982 cohaerere

255 3996 412 4080 Georgius
435 3999 561 4068 Curtius
583 4003 637 4082 (K.
654 4004 688 4070 Z.
711 4005 761 4070 IX
783 4027 813 4072 a.
830 4011 869 4086 s.)
892 4007 1061 4092 intellexit,
1085 4027 1216 4091 prorsus
1238 4011 1326 4079 inter
1347 4032 1384 4080 se
