2986 4864
222 412 295 474 368
748 412 839 482 Spicss

230 587 323 670 signa
346 586 455 651 deleta
469 591 553 665 aunt,
577 591 611 649 ut
626 603 696 650 eam
712 591 896 650 constanter
918 583 951 648 in
974 583 1140 649 Alcmanis
1162 581 1358 649 carminibus

230 684 388 768 persecuti
410 701 482 749 esse
504 687 630 747 veteres
653 681 831 747 videantur.
875 681 1048 747 Recensuit
1069 681 1127 746 illa
1143 681 1273 746 Abrens
1287 681 1358 747 Phi-

110 837 113 844 ,
230 781 283 847 lol.
300 780 429 846 XXVII
449 783 510 845 ete
522 800 580 862 sq,
603 799 738 861 quocum
761 780 915 858 conferas,
939 798 1022 861 quae
1045 778 1085 844 de
1107 778 1169 842 bae
1191 797 1227 842 re
1253 777 1359 861 dispu-

230 879 312 945 tavit
338 878 469 944 Meister
497 876 588 942 Stud.
618 877 661 941 lV
690 879 761 941 363.
807 877 984 942 Memorato
1015 876 1145 958 dignum
1177 881 1244 956 est,
1276 875 1359 958 quod

231 977 328 1042 etiam
352 974 529 1058 δραμεῖται
553 977 582 1038 2.
607 977 663 1054 25,
693 992 776 1056 quac
798 972 900 1038 torma
925 980 1056 1056 propter
1078 973 1359 1057 diphthonguma

230 1073 390 1139 Laconica
419 1072 556 1138 dialecto
585 1071 750 1154 abhorret,
779 1071 896 1137 Dorico
917 1089 1006 1136 more
1029 1077 1157 1135 acutum
1180 1070 1298 1153 habet,
1328 1077 1361 1135 ut

230 1167 324 1250 εἴιιεν
353 1174 385 1236 ei
415 1166 631 1252 ἀυειρομέναι
661 1169 855 1234 omittamus.
888 1201 929 1216 -·-
963 1168 1002 1232 ln
1033 1168 1148 1235 celeris
1171 1167 1361 1250 fragmentis

230 1267 318 1332 illam
343 1265 498 1334 rationem
522 1285 564 1331 ex
586 1267 683 1331 omni·
699 1273 790 1351 parte
818 1266 1037 1349 perturbatam
1060 1284 1131 1332 esse
1153 1265 1360 1331 manifestum

231 1371 278 1430 est
301 1384 361 1430 nec
382 1365 476 1430 aliter
498 1362 565 1454 fieri
588 1364 705 1446 potuit,
738 1363 846 1445 itaque
875 1382 915 1430 ex
944 1363 982 1429 iis
1012 1363 1078 1429 noli
1107 1382 1243 1447 sperare
1273 1362 1360 1428 aliud

231 1461 404 1544 quidquam
433 1469 465 1527 te
488 1480 559 1527 esse
582 1459 775 1541 eliciturum,
805 1460 868 1527 nisi
890 1460 1026 1543 vestigia
1048 1462 1208 1543 quaedam
1232 1461 1359 1526 fortuito

230 1568 367 1626 servata.
412 1558 524 1625 Haesit
551 1565 664 1624 contra
690 1559 855 1640 vulgarem
882 1558 1026 1641 regulam
1049 1558 1184 1624 Doricus
1206 1567 1360 1626 accentus

230 1657 263 1723 in
286 1676 365 1722 voce
392 1655 704 1738 μελισδομέναι
727 1656 765 1720 fr.
789 1659 829 1720 98
853 1657 916 1734 (nt.
939 1656 981 1721 M.
1005 1676 1035 1739 p.
1057 1660 1132 1722 tae.
1156 1660 1207 1722 39.
1257 1656 1359 1722 Oram.

230 1754 352 1820 Anecd.
385 1755 458 1820 Par.
488 1753 533 1818 IV
563 1756 613 1818 63.
648 1756 708 1829 13).
754 1753 880 1820 Deinde
911 1749 1090 1835 Ἀλκμάν
1124 1761 1210 1821 recte
1244 1756 1362 1838 legitur

230 1853 266 1917 fr.
292 1857 341 1917 17.
387 1852 437 1917 De
470 1842 569 1932 ἆμιν
603 1843 768 1930 eto‘rrrlv
803 1856 937 1915 testatur
971 1851 1163 1934 Apollonius
1193 1852 1236 1917 de
1270 1874 1359 1937 pron.
1485 1853 1486 1916 f

231 1953 302 2015 383.
327 1948 351 2012 B
380 1949 417 2013 fr.
442 1952 491 2014 77.
523 1951 571 2014 78.
617 1946 857 2014 Ohoeroboscus
886 1948 1034 2031 Epinecr.
1061 1952 1087 2011 1.
1118 1951 1159 2012 94
1190 1948 1294 2016 tradit
1321 1951 1360 2018 de

230 2066 309 2112 voce
331 2043 442 2122 Α’ίαςε
472 2041 555 2110 ἀλλὰ
578 2043 616 2109 τὸ
639 2042 734 2121 Αἴας
756 2043 794 2108 τὸ
819 2039 902 2128 παρ’
925 2041 1088 2127 Ἀλκμᾶνι
1111 2043 1232 2127 ἔχομεν
1259 2070 1372 2135 σεση-ι

230 2147 417 2225 μειωμένον
441 2137 487 2219 dg
511 2141 688 2207 συστέλλειν
705 2141 744 2206 τὸ
761 2146 796 2205 ἆ·
821 2140 950 2218 ἐκεῖνος
972 2141 1032 2225 γὰρ
1057 2143 1251 2209 συνέστειλε
1277 2141 1358 2210 αὐτὸ
1421 2173 1428 2188 ·

231 2247 306 2322 etc.;
329 2241 436 2324 itaque
454 2240 562 2322 Bergk
586 2259 656 2304 cum
677 2240 840 2306 Meinekio
863 2239 998 2304 mutavit
1020 2239 1164 2306 codicum
1187 2242 1359 2310 lectionem

230 2334 325 2412 Αἴας
347 2337 383 2403 ir.
403 2341 459 2420 683
484 2337 543 2403 sed
565 2356 640 2402 num
665 2331 954 2412 DorienscsAlug
977 2338 1183 2426 enuntiarint,
1208 2339 1359 2422 equidem

230 2433 327 2500 valde
350 2435 470 2501 dubito.
503 2471 545 2482 -
578 2434 668 2514 Quae
697 2440 866 2518 praeterea
892 2434 1055 2516 leguntur:
1089 2434 1214 2512 παίδες
1238 2437 1278 2502 lr.
1302 2442 1359 2521 66;

230 2543 410 2610 καταυσεῖς
432 2532 469 2597 fr.
493 2536 551 2613 973
574 2529 688 2598 ἀείδει
711 2532 748 2597 fr.
775 2539 808 2614 1;
833 2529 953 2597 ἐσθίει
976 2531 1012 2597 fr.
1038 2535 1088 2614 76,
1120 2533 1269 2616 Bergkic.
1295 2534 1362 2600 edi·

229 2632 289 2698 tori
320 2632 484 2712 debentur,
516 2629 570 2712 qui
598 2649 664 2695 non
693 2630 846 2695 correxit:
881 2633 989 2715 θῆρες
1017 2629 1054 2695 ir.
1078 2634 1136 2713 603
1166 2625 1360 2717 ὗπαυλήσει

230 2730 266 2796 fr.
290 2734 346 2813 783
370 2734 516 2814 ποιῆται
538 2728 576 2792 fr.
600 2731 658 2810 263
681 2725 817 2792 πάντων
840 2727 876 2792 tr.
893 2730 931 2791 67
955 2726 1031 2793 alia.
1072 2727 1161 2794 Haec
1184 2730 1296 2796 omnia
1317 2729 1359 2796 ad

229 2827 450 2910 quaestionem
484 2826 525 2892 de
554 2831 733 2907 temperata
761 2824 926 2890 Alcmania
958 2824 1096 2892 dialecto
1130 2826 1252 2893 nullius
1286 2836 1359 2894 sunt

229 2925 391 2990 momenti.

377 3093 396 3169 ξ
422 3094 470 3154 17.
514 3097 558 3152 lle
579 3097 731 3154 nominum
754 3098 785 3152 et
806 3094 967 3152 verborum
989 3097 1205 3154 declinatione.

205 3195 208 3202 ⁴
316 3209 489 3293 Pleraque,
520 3209 635 3293 quibus
663 3210 696 3276 iu
726 3209 890 3275 nominum
913 3217 946 3276 et
967 3210 1135 3277 verborum
1159 3210 1359 3277 terminatio·

230 3307 324 3372 nibus
346 3307 507 3374 Laconica
529 3307 683 3374 dialectos
706 3327 727 3372 a
748 3306 873 3388 vulgari
896 3307 1047 3388 discedit,
1073 3307 1148 3390 jam
1167 3327 1268 3391 supra
1290 3329 1359 3392 pro·

229 3405 377 3488 tulimus,
401 3424 472 3470 cum
495 3404 698 3492 Alcmanicas
719 3404 839 3470 formas
861 3403 904 3470 ad
926 3405 1119 3470 Laconicum
1143 3406 1306 3471 vocalium
1329 3413 1360 3472 et

215 3503 473 3570 consonantium
510 3522 601 3569 usum
630 3501 856 3568 recensuimus.
901 3501 970 3566 Hoc
1007 3503 1076 3568 loco
1115 3523 1221 3586 panea
1240 3503 1357 3587 add03

230 3621 312 3684 quae
334 3619 404 3667 cum
425 3601 468 3667 ab
492 3601 606 3668 eodem
633 3599 722 3664 fonte
745 3605 841 3680 atque
863 3599 1014 3681 vulgares
1035 3599 1156 3666 formae
1178 3602 1359 3685 repetenda

229 3699 301 3780 sint,
324 3704 433 3764 tamen
455 3698 536 3764 ratio
559 3716 669 3764 eorum
691 3696 835 3783 paullulo
859 3694 1016 3762 difficilior
1039 3703 1096 3764 est.

315 3796 471 3878 Nomina,
501 3814 633 3878 quorum
662 3794 759 3877 stirps
786 3794 819 3858 in
843 3817 855 3858 ι
878 3794 959 3876 exit,
989 3794 1076 3884 apud
1106 3795 1210 3861 Dores
1239 3795 1358 3878 ubique

230 3900 360 3959 servant
387 3894 472 3959 banc
501 3892 626 3960 literam
649 3892 691 3957 ab
714 3891 846 3958 Ionibus
873 3891 907 3974 in
937 3891 1099 3976 plerisque
1124 3892 1255 3958 casibus
1277 3893 1357 3958 anti·
1483 3935 1484 3984 q

230 3988 334 4070 quitus
354 3989 389 4053 in
412 3989 447 4073 ej
466 3996 630 4056 mutatam.
675 3988 778 4069 Quam
807 3955 965 4056 ratioiem
996 3995 1146 4056 secuntur
1173 3989 1263 4072 apud
1284 3990 1356 4055 Alc·
