2916 4872
239 405 280 473 aa
608 458 609 462 a
639 365 643 374 ’
736 400 869 488 aenaea

241 575 326 664 quod
348 573 485 662 Λύττας
507 594 565 660 pro
587 569 743 650 Λύκτος,
766 567 928 658 ipsanio·
951 565 1167 656 ὑπομονηκόν
1190 574 1254 654 (ap.
1276 569 1355 649 Hes.)

241 697 298 762 pro
314 670 505 762 ὗφ-εκ-τόν,
528 670 641 753 ἐκτῶν·
653 689 711 753 pro
727 667 845 736 ἐκτῶν
861 667 1093 734 demonstrant.
1125 667 1253 736 Deinde
1268 665 1358 740 διώσ-

241 791 317 852 τας·
341 767 567 858 ἐργοόιωῖκαας
590 766 678 852 apud
701 765 913 852 Hesychium,
943 785 1006 848 quo
1029 766 1127 833 etiam
1148 767 1261 849 glossa
1279 761 1359 830 Ἐνοι-

244 869 370 948 δώτας·
392 867 480 947 Ζεύς
501 886 560 952 pro
579 861 800 941 Ἐπιδιώττας
820 863 889 940 (uir.
907 861 1058 928 δάπεδον
1082 883 1140 947 pro
1162 861 1360 940 *διάπεόον)
1447 889 1448 894 ’

243 971 378 1038 fortasse
407 963 579 1035 referenda
607 969 671 1043 est,
703 967 770 1029 tum
798 964 966 1047 βακτηρία
988 968 1022 1027 et
1049 965 1196 1046 βακηρία
1226 959 1361 1034 eiusdem

244 1063 489 1152 permutationis
507 1060 635 1145 generis
656 1059 813 1143 praebent
827 1059 986 1142 exempla.
1025 1056 1178 1124 Conferas
1194 1058 1290 1132 ouum
1308 1058 1362 1126 ita

245 1165 342 1232 lioum
364 1171 431 1228 utto
453 1179 511 1244 pro
536 1166 605 1221 ααιο
628 1155 757 1238 aliaque
777 1154 812 1222 id
833 1175 936 1243 genus
958 1156 1128 1239 permulta.

331 1258 485 1326 Rudioem
502 1253 556 1322 ὀνκ
570 1274 628 1322 seu
643 1245 687 1324 ὀκ
704 1252 772 1332 (eir.
784 1273 904 1320 sanson
917 1251 1060 1328 sualua,
1073 1251 1226 1326 alala-m,
1245 1252 1379 1330 alati-l„

247 1378 289 1433 ux
310 1377 375 1440 qua
403 1350 495 1431 ἀ’κκις
522 1352 678 1437 originem
701 1351 803 1433 duait,
833 1351 961 1435 saepius
984 1349 1026 1416 ad
1049 1350 1261 1434 substantiva,
1290 1369 1365 1432 quae
1448 1373 1449 1396 ν

248 1455 358 1522 oeulos
385 1449 581 1535 significant,
611 1449 780 1518 formanda
806 1454 992 1532 usurpatam
1015 1467 1086 1516 esse
1109 1448 1226 1516 donent
1247 1454 1366 1534 praeter

248 1551 330 1636 alias
351 1556 446 1618 notas
467 1548 585 1615 formas
606 1546 735 1630 glossae
757 1545 998 1631 Hesychianae:
1037 1541 1141 1622 ὄντας·
1170 1540 1365 1632 ὀφθαλμούς

249 1649 314 1730 (osv.
325 1635 431 1726 ὦσες·
445 1642 623 1733 ὀφθαλμοί
633 1650 666 1711 et
677 1639 764 1727 ὂὶσψ·
781 1636 1018 1732 ἀνόφθαλμος)
1029 1649 1062 1710 et
1072 1635 1223 1708 ὃνστίλοι·
1239 1639 1367 1729 ὀφθαλ-

248 1751 309 1830 μοί
323 1745 390 1826 [eir.
405 1743 604 1822 ναοσίλο-ς,
620 1740 849 1820 κο(σ)-τλλο-ς,
865 1734 1098 1824 ἀπσλλοςωρ.
1110 1740 1209 1824 Hes),
1226 1737 1367 1808 ὀπισθο-

250 1844 325 1929 alla
340 1848 404 1927 (ap.
419 1841 518 1922 Hes.)]
535 1846 568 1908 et
588 1831 765 1916 διακοπαῖς·
789 1834 913 1922 ὄψεσιν
929 1839 997 1918 (afr.
1012 1842 1219 1906 πεποιθλαν·
1243 1837 1367 1914 ἐλπίδα,
1449 1845 1450 1884 ³

250 1940 484 2026 προσδοκίαν).
535 1939 725 2022 Synouyma
746 1941 876 2002 auctore
895 1935 1055 2022 Hesyehio
1077 1941 1155 2003 sunt
1173 1935 1271 2015 iri-or,
1293 1934 1369 2016 λαμ-

252 2035 371 2115 πάδες,
396 2031 527 2121 pennas
550 2040 672 2117 (aperte
695 2051 736 2098 ex
757 2029 954 2119 *φάε-ηκες
968 2033 1013 2099 uti
1038 2031 1200 2112 δαύ-ακες
1222 2055 1254 2119 p.
1271 2036 1332 2110 80).

338 2135 375 2200 L.
426 2131 560 2215 Glossas
587 2130 744 2205 soleio·
767 2127 914 2200 ἐλθεῖν
1002 2165 1005 2175 ·

588 2223 853 2293 κόλσασθαι·
885 2226 1106 2295 ἱκετεῦσαι

254 2348 276 2398 a
303 2324 411 2392 radiae
441 2323 559 2405 eadem·
585 2323 779 2392 derivandas
811 2331 905 2408 puto,
940 2345 1052 2408 aqua
1080 2327 1182 2394 verba
1211 2325 1371 2391 κέλ-εν·
1450 2323 1451 2330 ’

256 2429 335 2501 θος
358 2429 390 2490 et
412 2414 702 2500 ἆ-κόλ-οαθος
725 2421 935 2496 deeooudunt.
967 2423 1090 2496 Eodem
1113 2423 1250 2491 fortasse
1271 2422 1372 2505 glosa

256 2521 423 2590 κολ-έα·
446 2516 531 2586 ποιά
552 2542 604 2602 σος
627 2515 767 2605 ὄρχησις
788 2519 948 2586 trahenda
962 2527 1020 2587 est.
1053 2520 1160 2587 Radix
1181 2540 1299 2605 graeoa
1320 2517 1372 2586 καλ

256 2620 326 2692 sive
347 2617 414 2697 κελ,
445 2637 528 2702 quae
549 2635 590 2683 ex
612 2615 744 2683 voeibus
764 2617 831 2684 illis
853 2616 1000 2686 ooneludi
1022 2624 1143 2701 potest,
1164 2639 1237 2688 eum
1260 2635 1371 2686 sanson

256 2715 328 2790 Ιέον,
344 2717 395 2782 oui
410 2714 508 2782 eundi
523 2721 573 2783 est
586 2712 787 2798 significatio,
810 2712 976 2797 aptissime
992 2720 1099 2799 potest
1112 2716 1260 2784 eouerri.
1289 2715 1373 2782 Huuo

256 2817 292 2886 ln
306 2814 436 2895 modum
451 2814 479 2880 si
493 2813 620 2895 formas,
644 2831 723 2893 quas
738 2809 840 2893 anuli,
856 2812 1079 2896 explioaveris,
1102 2812 1273 2898 intelleges
1287 2813 1373 2878 inter·
1451 2809 1452 2874 l

258 2919 381 2998 protes,
409 2911 524 2994 quibus
545 2909 651 2976 adhue
673 2928 713 2975 ea
735 2908 835 2976 verba
856 2909 1015 2976 maximas
1035 2919 1231 2993 paraverunt
1253 2907 1374 2978 dilfioul·

259 3015 353 3090 tates,
375 3013 528 3089 tanquam
543 3005 663 3072 nudum
678 3005 711 3070 in
726 3005 830 3089 seirpo
846 3007 1053 3090 quaesivisse.
1087 3009 1184 3076 Velut
1197 3029 1255 3094 pro
1272 3007 1374 3074 καλεῖν

262 3105 407 3189 Guyetus
428 3101 545 3183 μολεῖν
573 3102 750 3171 litterarum
772 3103 856 3170 serie
883 3105 981 3187 plane
1010 3105 1158 3188 negleota
1179 3104 1374 3176 scribendum

261 3199 436 3286 proposuit,
459 3198 654 3271 Schmidtius
675 3205 783 3269 autern
803 3200 1006 3282 ,ooniioiat“,
1031 3201 1144 3286 inquit,
1167 3203 1306 3287 ,aliquis
1325 3223 1375 3268 κο-

262 3308 333 3374 νεῐν
355 3296 386 3364 h.
411 3314 439 3362 e.
462 3314 603 3380 ourrere,
631 3302 836 3381 properare.“
880 3296 964 3364 Dein
986 3319 1044 3382 pro
1066 3298 1271 3381 κόλαασθαι,
1299 3295 1375 3382 quod

261 3394 306 3478 ad
327 3393 517 3462 aoristorum
539 3391 705 3479 ἐ’-κελ-οα,
727 3393 897 3485 ε’-κορ-σα,
920 3395 1004 3466 hom.
1024 3394 1122 3466 ἔλσαν
1144 3398 1376 3465 similitudinem

263 3491 520 3576 estimatum,
550 3491 701 3560 Alhertus
730 3487 979 3568 κολαώσααθαι
1009 3493 1241 3564 resumendum
1267 3491 1375 3562 statuit.

348 3588 516 3660 Voealium
537 3589 595 3656 illa
623 3587 824 3671 vicissitudo,
854 3607 949 3672 quam
970 3589 1005 3654 iu
1027 3591 1209 3669 all-saion
1232 3599 1264 3662 et
1284 3585 1377 3656 ἀκόλ-

265 3692 374 3764 ουθος
402 3685 624 3770 observamus,
653 3687 688 3753 in
709 3684 1017 3757 assimilatione
1044 3689 1154 3757 nititur
1181 3708 1286 3772 neque
1312 3703 1376 3752 raro

264 3782 396 3868 liquidis
417 3784 505 3851 sonis
527 3783 801 3860 intersedentibus
822 3783 965 3850 ooourrit.
1010 3783 1164 3854 Consonus
1185 3786 1282 3853 velim
1302 3784 1378 3868 glos

266 3901 337 3950 eam
357 3880 587 3966 hesyohiauam
604 3877 778 3966 δόμορκις·
800 3876 890 3964 γονή,
914 3880 968 3946 ubi
984 3907 1002 3966 ρ
1018 3883 1203 3954 mutationis
1218 3884 1276 3950 tuit
1289 3899 1378 3950 eausa

269 3975 506 4061 (*δσμαρ-τις,
537 3975 742 4064 *δαμορσις,
773 3975 960 4063 δάμαρτος),
990 3978 1126 4047 formam
1148 3981 1376 4050 heracleanum
