2968 4866
216 431 278 493 276
713 427 848 484 Schrader

213 612 286 691 post
307 629 326 670 κ
356 603 497 669 litteram
523 601 641 668 110181
668 599 901 684 posteriore
922 604 1068 683 tempore
1089 599 1178 684 apud
1200 601 1341 669 Arcades

91 729 100 750 ν
213 706 413 769 inveterasse
439 697 634 785 torostoros
662 705 725 782 teg.
745 702 763 764 8
788 697 1007 763 demonstrare
1028 696 1165 763 videtur.
1210 699 1250 764 In
1270 699 1342 783 ipsa

212 801 275 868 hae
302 798 479 866 mutatione
507 815 578 864 eum
601 794 872 862 Heraoleensibus
897 795 1042 862 Aroades
1069 794 1191 861 laniunt
1220 796 1261 864 ol.
1287 821 1343 862 κο-

215 897 337 984 θαρός,
361 893 604 978 ἀνκοθαρίοντι
625 893 756 960 Meister
777 890 861 958 stud.
883 891 930 957 IV
953 895 1025 958 369.

305 997 347 1062 ΙΙ.
380 999 491 1060 eontra
512 1015 535 1055 α
557 991 810 1076 prope'nasales
833 996 864 1056 01
886 989 1027 1072 liquidas
1049 997 1210 1058 servatur:

304 1099 330 1158 l.
362 1094 545 1176 στραταγοί
571 1096 634 1172 teg.
650 1090 686 1153 9:
719 1088 824 1153 boeot.
841 1081 982 1170 στροτός
1004 1088 1199 1166 (Beermann
1214 1087 1263 1154 IX
1282 1092 1344 1166 17).

212 1193 293 1260 lesb.
307 1186 481 1279 στροτάγω
493 1189 571 1254 Ahr.
584 1187 599 1252 I
612 1189 664 1251 76.
681 1181 821 1269 asporto
832 1184 979 1263 thess.(?)
992 1184 1125 1270 κόρνοψ
1140 1186 1261 1252 shall
1271 1189 1342 1251 219.

300 1294 330 1355 2.
359 1283 620 1373 ἄγκαρυσσόντω
643 1289 707 1366 teg.
725 1287 774 1348 19.
805 1279 1003 1364 ἀναλώμασι
1025 1290 1088 1367 teg.
1108 1287 1166 1349 43:
1189 1285 1272 1351 lesb.
1288 1282 1343 1350 ὀν-

213 1386 323 1455 θὲντα
345 1384 514 1452 Ahr.176
536 1381 633 1448 these.
651 1377 807 1446 ὀνέθέικε
830 1380 847 1445 Ι
869 1383 941 1444 220.
964 1380 999 1445 ΙΙ
1017 1383 1088 1446 533.
1127 1381 1257 1447 Boeoti:
1280 1378 1344 1447 ἀνά

212 1484 370 1565 (81111111
384 1485 451 1566 18);
467 1486 557 1565 patet
572 1479 659 1560 inde,
676 1484 829 1561 quantum
845 1480 1010 1557 erraverit,
1026 1478 1136 1561 siquis
1150 1497 1238 1562 egr.
1255 1499 1342 1564 eypr.

214 1580 363 1669 ὄνέθηκε
380 1587 413 1647 01
426 1579 506 1646 lesb.
523 1570 671 1662 ὂνὲθηκε
687 1575 731 1641 ad
746 1596 844 1642 unum
860 1583 985 1660 tempus
1000 1575 1175 1642 reduxerit.
1196 1576 1237 1641 01.
1247 1579 1268 1658 ξ
1279 1580 1298 1641 2
1308 1576 1342 1640 Β.

213 1682 239 1747 I.
256 1687 291 1766 53
307 1679 393 1764 quod
407 1696 533 1759 moneo,
549 1681 584 1740 11
598 1673 814 1756 intellegatur,
829 1681 950 1757 quanta
964 1674 1249 1757 oiroumspeotione
1265 1695 1343 1758 opus
1473 1675 1475 1682 '

214 1781 256 1847 sit
276 1779 311 1844 in
334 1776 482 1844 dialectis
503 1775 645 1840 intense
666 1773 901 1856 temperandis.

299 1879 328 1941 3.
345 1873 538 1960 σύγγραφον
553 1878 617 1954 teg.
631 1873 681 1933 55.
716 1874 903 1954 ytyoomos
925 1877 989 1954 teg.
1003 1875 1059 1936 53:
1097 1871 1342 1950 Heracleenses

213 1975 399 2054 cretenses,
428 1969 538 2038 Lesbii
565 1969 627 2034 hae
653 1967 687 2032 in
716 1967 826 2034 radiee
854 1991 875 2032 α
903 1968 979 2033 110
1008 1969 1194 2036 vertebant:
1225 1966 1342 2054 γράφω

213 2071 264 2150 (01.
287 2070 420 2136 Meister
442 2067 526 2135 stud.
549 2066 595 2132 IV
610 2069 696 2142 375).

299 2167 415 2232 Paullo
437 2165 588 2231 ineertius
617 2161 659 2228 de
688 2163 864 2228 mutatione
891 2162 950 2228 illa
972 2185 1042 2228 azo
1064 2162 1099 2227 in
1130 2162 1267 2229 fontium
1289 2184 1343 2247 pe-

215 2265 308 2331 nuria
332 2262 469 2330 iudieari
497 2266 613 2344 potest.
660 2259 764 2326 Unum
787 2260 872 2327 enim
895 2259 1076 2327 eruedinum
1098 2260 1194 2328 huius
1217 2262 1343 2344 generis

216 2362 400 2446 exemplum
422 2379 494 2424 oum
515 2356 648 2440 reliquis
671 2356 818 2424 dialeotis
840 2359 1018 2442 comparari
1040 2364 1162 2442 potest:

299 2479 363 2526 are.
372 2461 594 2542 Θιμοκρέτης,
602 2455 840 2538 Πολυκρέτεια.
850 2456 1051 2541 108118ρὴος
1059 2456 1344 2535 (11111.Ι75)10001.

214 2555 369 2642 κράτος
386 2556 512 2622 Beerm.
523 2553 574 2618 IX
587 2557 636 2635 16,
653 2573 847 2636 quamquam
862 2554 896 2619 in
906 2558 1037 2637 θέρσος
1052 2553 1165 2620 Boeoti
1180 2574 1254 2620 oum
1269 2556 1344 2622 Les·
1473 2579 1474 2618 1

108 2735 111 2742 ,
212 2656 275 2722 biis
291 2662 323 2722 et
334 2653 502 2723 Thessalis
518 2651 649 2717 1101111.
683 2649 832 2718 Ceterum
847 2671 917 2718 mos
930 2651 1065 2718 illeaet
1080 2674 1098 2715 o
1115 2653 1256 2719 maxime
1270 2659 1343 2719 ante

211 2752 352 2836 liquidas
366 2752 400 2818 in
417 2775 432 2817 ε
448 2747 595 2818 vertendi
611 2748 758 2827 (meliora
773 2749 933 2815 Aroadum
949 2749 1097 2833 exempla
1112 2756 1202 2815 sunt:
1229 2748 1344 2818 ἐσδέλ-

215 2849 331 2927 tome
341 2856 404 2931 teg.
413 2852 464 2913 51.
478 2846 654 2931 δέρεθρον,
668 2844 847 2931 §duodenae
868 2846 998 2913 Gelbko
1009 2847 1042 2912 II
1053 2850 1104 2923 13)
1120 2848 1342 2930 perplurimas

213 2947 316 3014 valuit
338 2945 503 3011 dialeotos.
539 2942 577 3008 01.
601 2943 642 3008 de
664 2943 794 3011 Boeotis
820 2943 944 3010 Beerm.
964 2947 1012 3009 16.
1053 2944 1095 3010 10
1116 2945 1244 3012 Lesbiis
1267 2946 1341 3011 Abi.

213 3044 230 3109 Ι
254 3049 304 3110 75.
328 3046 379 3109 80.
426 3040 466 3108 de
488 3040 698 3108 Doriensibus
721 3042 798 3108 Ahr.
822 3041 854 3106 ΙΙ
878 3045 948 3107 122.
996 3042 1127 3109 Meister
1148 3041 1196 3106 IV
1219 3046 1293 3108 371.

300 3142 420 3222 Magna
451 3138 548 3222 igitur
582 3145 632 3205 est
665 3139 832 3208 aroadioae
865 3161 937 3206 oum
967 3140 1177 3207 Doriensibus
1209 3139 1337 3208 dialeoti

213 3237 400 3307 similitudo.
438 3234 544 3315 Quare
566 3236 628 3302 boo
649 3237 719 3304 iure
740 3237 803 3304 diei
825 3244 941 3321 potest,
964 3239 992 3305 si
1014 3239 1086 3321 quis
1103 3236 1261 3305 adversus
1282 3238 1339 3303 boo

109 3385 111 3390 -
214 3335 358 3404 Aroades
384 3335 469 3402 inter
496 3334 653 3401 aeolieam
681 3336 813 3420 stirpem
834 3334 996 3418 retulerit,
1026 3337 1143 3403 multas
1165 3343 1198 3402 et
1226 3354 1337 3420 graves

213 3434 310 3519 hujus
332 3432 512 3501 sententiae
534 3451 648 3521 oausas
670 3433 700 3498 ei
722 3452 794 3500 esse
815 3432 1035 3519 proferendas.

756 3601 799 3670 B.

298 3726 325 3791 Ι.
355 3725 402 3791 Ae
429 3726 567 3808 primum
596 3725 708 3807 quaeri
736 3724 849 3808 debet,
883 3726 961 3810 quid
989 3725 1031 3791 sit
1060 3726 1241 3794 Arcadibus
1267 3744 1330 3793 oum

215 3822 401 3889 omnibus
429 3822 707 3890 Aeolensibus
738 3843 866 3907 neque
894 3831 1030 3891 tamen
1057 3842 1141 3889 oum
1171 3824 1330 3891 Dorien-

216 3919 329 3985 sibus
352 3938 529 3986 oommune.
566 3920 681 3986 Mirum
703 3927 810 3987 autem
825 3927 911 3989 oerte
931 3919 1139 3987 iudioandum
1161 3917 1328 3989 estnihil

216 4033 288 4082 esse
309 4015 394 4098 quod
415 4016 485 4083 iure
505 4018 568 4083 boo
589 4019 660 4084 looo
683 4019 842 4085 afferatur.
917 4096 920 4101 ,
