2986 4864
476 422 518 478 De
535 423 674 479 Alcmenis
692 429 789 495 poetae
806 425 930 483 dialecto.
1202 428 1259 489 361

138 599 266 683 ptiones
292 597 446 680 antiquae
468 599 659 682 scripturae,
689 617 759 665 cum
790 619 830 666 ea
857 600 945 683 apud
967 602 1155 671 Alcmanem
1184 605 1268 670 anti·

139 696 326 780 quissimum
359 694 537 761 Laconicae
566 695 696 762 dialecti
729 703 889 764 auctorem
923 700 1108 783 reperiatur.
1153 702 1267 784 Itaque

139 795 266 861 serens
294 814 360 859 non
388 792 487 858 multo
516 800 592 859 ante
620 794 720 859 nostri
748 801 863 877 poetae
892 803 1030 863 aetatem
1064 817 1134 864 eam
1165 805 1266 865 ortam

139 911 211 959 esse
240 891 421 974 suspicatur
450 925 490 942 -
520 891 562 956 ab
585 891 848 958 Heracleensium
878 893 1016 960 dialecto
1045 898 1129 962 enim
1159 897 1268 964 aliena

140 997 188 1057 est
210 1025 250 1036 -
274 986 333 1054 sed
355 987 468 1053 mutati
491 988 561 1054 soni
590 988 757 1071 pristinam
784 995 892 1055 notam
916 989 969 1057 diu
999 1012 1070 1060 esse
1098 1001 1266 1060 retentam.

140 1087 260 1154 Contra
274 1085 448 1151 Kircbhoff
460 1085 665 1164 (Monatsber.
684 1084 715 1151 d.
728 1085 811 1150 Berl.
828 1087 928 1153 Acad.
947 1092 1038 1156 1870.
1063 1091 1196 1158 Hermes
1208 1092 1267 1168 ΙΙΙ)

141 1205 181 1252 ex
195 1185 359 1253 titulorum
375 1183 565 1250 lectionibus
582 1186 770 1266 καθαίρων,
793 1179 953 1271 ἀνέθηκε,
965 1180 1145 1267 ²Adcrrvrrto,
1159 1186 1268 1252 Ἀθα-

141 1294 241 1363 solor,
261 1281 474 1358 Θαλασσίων,
492 1284 600 1365 θ(ε)ῴ,
618 1280 764 1359 Ξουθία,
780 1279 919 1364 θεθμόν
935 1285 1009 1352 aliis
1024 1285 1154 1371 colligit,
1177 1287 1268 1353 illam

141 1383 352 1448 mutationem
380 1378 565 1446 recentioris
594 1380 745 1463 temporis
774 1399 860 1464 esse,
890 1403 985 1466 quam
1014 1397 1125 1468 postea
1153 1386 1269 1469 aliquis

119 1479 368 1563 ‘grammaticus
398 1497 439 1544 ex
468 1479 516 1543 sui
547 1477 698 1560 temporis
728 1496 786 1546 usu
816 1481 929 1546 ceteris
954 1482 1154 1549 Laconismis
1183 1482 1269 1566 apud

141 1578 329 1644 Alcmanem
358 1583 390 1642 et
419 1574 668 1656 Aristophanem
696 1574 861 1658 adjecerit.
914 1577 1057 1662 Utraque
1085 1580 1270 1664 conjectura

142 1695 207 1743 non
237 1681 287 1740 est
315 1674 385 1740 sine
412 1673 521 1755 aliqua
549 1672 757 1738 dubitatione.
804 1674 984 1739 Namcum
1009 1676 1137 1755 Graeci,
1167 1678 1270 1742 donec

144 1771 275 1840 dialecti
303 1772 486 1854 viguerunt,
515 1769 549 1834 in
571 1768 753 1836 universum
783 1771 949 1854 scripsisse
969 1772 1148 1855 videantur,
1178 1775 1269 1840 sicuti

142 1869 410 1956 pronuntiabant,
440 1866 620 1933 inauditum
649 1886 720 1952 esse
740 1867 903 1948 concedo,
933 1869 1079 1937 Lacones
1108 1890 1166 1954 per
1193 1892 1271 1936 non·

143 1968 236 2034 nulla
257 1966 390 2032 saecula
412 1964 588 2030 obsoletam
614 1964 802 2047 scripturam
826 1985 988 2049 servass03
1018 1987 1076 2050 pro
1099 1989 1120 2032 σ
1142 1968 1270 2051 quidem

142 2064 252 2132 statim
292 2082 372 2129 sono
405 2068 525 2126 mutato
557 2062 591 2126 in
628 2061 728 2126 titulis
765 2083 923 2146 apparere
958 2065 1104 2132 videmus
1141 2067 1271 2149 spiritus

143 2157 443 2246 signumadrrotpi,
467 2156 589 2236 laenas,
614 2153 743 2237 νικάὰς,
763 2158 1005 2247 Ἀγηὶστρατος
1027 2164 1102 2229 alia.
1142 2167 1185 2229 At
1207 2183 1272 2228 non

142 2279 275 2344 prorsus
297 2277 402 2340 aequa
427 2256 522 2323 tuerit
544 2256 657 2322 harum
680 2255 814 2322 duarum
836 2261 1046 2326 mutationum
1069 2260 1166 2344 ratio;
1196 2281 1271 2325 nam

142 2359 171 2425 si
193 2357 242 2422 illi
266 2377 287 2421 o
309 2376 366 2439 pro
389 2358 417 2417 θ
439 2353 593 2436 majorem
617 2360 756 2420 aetatem
779 2356 961 2439 tribuimus,
990 2381 1010 2422 o
1031 2364 1185 2424 mutatum
1209 2379 1229 2422 a
1252 2379 1273 2422 σ
1395 2381 1400 2396 .

143 2455 321 2537 antiquitus
336 2459 464 2519 servato
479 2451 640 2516 diversum
657 2452 754 2518 luisse
769 2454 973 2520 statuendum
989 2463 1048 2536 est,
1067 2475 1138 2521 cum
1161 2463 1273 2539 postea

144 2573 210 2618 non
232 2571 337 2636 aeque
359 2551 393 2614 in
416 2549 560 2633 spiritum
582 2550 752 2631 transierit,
777 2557 809 2616 et
824 2550 949 2618 videtur
964 2553 1138 2618 verisimile
1159 2572 1273 2618 sonum

145 2649 355 2732 Neograeoae
384 2652 412 2712 θ
445 2647 613 2727 babuisse,
648 2665 741 2729 quem
775 2648 888 2730 reliqui
922 2648 1037 2716 Graeci
1069 2650 1168 2714 multo
1202 2657 1273 2732 post

145 2765 359 2829 assumpsere.
399 2744 437 2810 of.
468 2743 568 2810 Curtii
597 2743 710 2810 (inda.4
732 2749 804 2811 416.
850 2747 918 2812 Hoc
947 2766 1023 2813 vero
1052 2747 1188 2813 fortasse
1215 2748 1273 2812 im·

145 2845 285 2929 pedivit,
311 2862 372 2925 quo
395 2843 500 2908 minus
523 2843 668 2909 Lacones
690 2843 761 2909 soni
783 2844 991 2911 mutationem
1014 2845 1170 2928 scriptura
1192 2844 1274 2910 indi-

147 2947 269 3008 carent.
300 2940 407 3006 Aliam
424 2940 640 3006 difficultatem
664 2941 698 3005 in
721 2961 758 3006 eo
780 2941 938 3022 invenias,
962 2942 1046 3025 quod
1062 2942 1103 3008 ab
1118 2942 1275 3009 Alemone

146 3061 211 3106 non
234 3057 338 3120 aeque
359 3044 455 3120 atque
476 3039 510 3103 iu
532 3038 793 3121 inscriptionibus
815 3040 940 3122 signum
959 3041 998 3122 §p
1013 3039 1192 3106 adhibitum
1216 3047 1274 3123 est,

147 3156 233 3222 quae
255 3155 306 3202 res
329 3135 474 3219 expediri
489 3155 554 3201 non
577 3140 683 3220 potest
698 3137 760 3202 nisi
783 3145 911 3219 poetam
926 3137 1088 3204 Laconica
1109 3138 1276 3203 literatura

147 3234 280 3301 omnino
309 3254 375 3298 non
404 3253 494 3300 usum
525 3251 595 3299 esse
617 3241 702 3300 recte
724 3253 820 3317 supra
842 3235 1046 3318 conjecimus.
1091 3235 1156 3300 Sed
1179 3236 1274 3301 etiam

147 3331 310 3399 contraria
331 3328 508 3395 Kircbboifi
537 3332 700 3396 sententia
725 3333 859 3396 multum
889 3332 987 3418 habet
1009 3330 1206 3396 difficultatis
1228 3339 1275 3396 at·

148 3449 211 3512 que
233 3429 339 3512 posita
361 3434 410 3493 est
430 3427 464 3493 in
480 3429 671 3512 conjectura,
695 3428 849 3510 adquam
871 3436 946 3492 tuno
962 3427 1089 3492 demum
1106 3429 1276 3509 confugere

147 3527 234 3607 licet,
258 3545 329 3590 cum
352 3524 421 3589 fieri
443 3544 508 3589 non
530 3531 652 3608 potest,
675 3533 797 3590 utrem
820 3526 914 3590 aliter
935 3525 1141 3607 explicemus.
1186 3524 1276 3588 Com-

150 3631 245 3709 parat
260 3623 308 3688 vir
324 3623 526 3689 doctissimus
542 3621 701 3688 Corinnae
716 3623 890 3708 carminum
913 3621 1066 3702 habitum,
1091 3620 1149 3686 sed
1165 3641 1276 3687 vereor

150 3721 292 3805 noejus
320 3720 464 3785 condicio
494 3741 559 3786 non
588 3719 700 3786 eadem
730 3721 772 3786 sit
799 3726 895 3801 atque
922 3725 1040 3784 nostra.
1090 3718 1149 3782 Hic
1178 3719 1276 3784 critici

151 3820 223 3885 sine
254 3819 351 3883 dubio
380 3818 472 3883 libris
501 3818 534 3882 in
556 3818 689 3884 Boeotia
716 3816 883 3900 descriptis
905 3815 1098 3895 nitebantur,
1129 3815 1182 3897 qui
1211 3837 1277 3882 una

152 3935 223 3982 oum
247 3917 359 3997 lingua
381 3915 548 3997 paullatim
565 3915 670 3980 varias
692 3916 884 3979 mutationes
907 3912 1050 3996 perpessi
1066 3920 1165 3992 erant,
1189 3913 1277 3997 apud

152 4015 343 4079 Alcmanem
372 4034 449 4080 vero
480 4013 595 4094 aliquis
624 4013 850 4095 grammaticus
875 4011 943 4076 sine
973 4007 1134 4075 codicibus
1156 4030 1197 4076 ex
1219 4031 1277 4076 sua
