2986 4864
464 449 505 504 De
523 450 660 506 Alcmanis
678 455 776 520 poetae
794 449 919 505 dialecto.
1196 449 1254 512 381

129 642 226 705 qnam
249 641 314 686 non
338 627 533 704 certamem,
557 623 632 705 quia
647 623 744 688 etiam
759 621 823 688 alio
845 623 916 688 loco
935 622 1101 705 vulgarem
1123 623 1258 689 termam

131 725 169 785 σέ
200 717 289 802 apud
316 719 510 786 Laconicum
538 726 667 804 poetam
695 727 855 804 repertam
878 719 1088 786 Doriensibns
1116 719 1259 788 vindicat

130 817 184 894 (de
207 835 299 900 pron.
323 819 384 881 366
408 815 455 894 O).
500 816 622 896 Quibus
650 818 795 901 probatis
823 817 967 900 reliquae
989 836 1115 901 quoque
1136 818 1259 886 formae
1375 875 1378 886 ,

130 913 332 980 adulterinas
366 912 584 999 diphthongos
616 914 808 982 exhibentes
838 914 871 980 in
902 913 1032 979 dubium
1061 915 1195 981 veniunt
1227 922 1259 983 et

129 1018 227 1095 auget
255 1011 470 1094 suspicionem
498 1013 564 1077 alia
585 1032 683 1079 causa
704 1013 903 1096 gravissima.
948 1011 1079 1078 Scilicet
1099 1013 1259 1079 vocalium

131 1135 150 1196 η
181 1115 214 1174 et
242 1133 268 1172 ω
300 1115 331 1174 θῖ
359 1107 629 1194 diphthongorum
659 1133 691 1175 ει
719 1116 751 1175 θῖ
785 1133 822 1175 ov
857 1109 1093 1176 distinctionem
1122 1110 1258 1176 Alcman

63 1263 67 1270 .
130 1205 262 1271 omnino
276 1204 383 1271 facere
396 1227 462 1272 non
484 1207 597 1291 potuit,
620 1227 696 1272 nam
712 1227 903 1292 quamquam
918 1208 1045 1291 signnm
1061 1207 1086 1270 Η
1101 1197 1137 1272 in
1158 1207 1258 1273 titulis

129 1303 250 1369 Ionicis
272 1304 428 1369 Alcmene
445 1304 594 1388 paullulo
620 1305 849 1372 recentioribus
871 1307 992 1372 vocalis
1006 1296 1084 1380 'yice
1106 1305 1257 1388 fungitur,

130 1407 240 1466 tamen
262 1399 343 1466 haec
365 1400 446 1465 ratio
461 1421 482 1466 a
496 1407 604 1467 nostro
627 1408 723 1486 poeta
738 1404 848 1469 aliena
868 1409 927 1487 est,
950 1423 1046 1488 quam
1062 1401 1259 1470 Simonidem

130 1499 287 1564 minorem
309 1497 342 1563 in
370 1498 461 1564 libris
490 1497 627 1582 primum
649 1500 836 1567 adhibuisse
858 1521 923 1567 non
945 1502 1016 1568 sine
1037 1501 1259 1585 grammatico·

128 1617 200 1662 rnm
230 1596 413 1661 testimonio
435 1596 644 1680 suspicamur.
689 1599 802 1680 ltaque
824 1617 844 1662 a
866 1598 1096 1682 posterioribus
1119 1600 1175 1664 illa
1196 1598 1259 1664 dis-

130 1694 266 1760 crimina
294 1700 364 1758 orta
388 1700 478 1775 sunt,
508 1693 561 1776 qui
592 1695 619 1761 si
646 1696 845 1778 grammatici
874 1695 1014 1776 fuerunt,
1045 1715 1110 1760 non
1139 1701 1260 1761 temere

105 1811 198 1857 nem
221 1795 377 1856 tractasse
398 1791 534 1874 putandi
556 1798 639 1875 snnt,
663 1792 723 1873 sin,
746 1812 828 1874 quae
851 1793 1012 1858 sententia
1033 1792 1111 1856 mihi
1127 1791 1257 1876 quidem

129 1890 198 1954 veri
221 1888 355 1954 similior
378 1895 442 1969 est,
471 1888 610 1970 librarii,
639 1889 682 1953 ad
704 1890 798 1955 unius
820 1889 975 1973 cujusque
1003 1889 1158 1955 incuriam
1187 1894 1260 1956 tan·

129 2005 226 2068 quam
250 1984 370 2050 fontem
391 2004 504 2068 parum
527 1985 695 2068 limpidum
716 1985 907 2052 reducimur.

217 2083 267 2148 De
290 2083 404 2148 ceteris
426 2082 664 2164 mutationibus,
687 2102 770 2166 quae
790 2087 893 2151 rarius
916 2085 1066 2167 existunt,
1089 2085 1195 2151 minus
1219 2105 1261 2152 ex

129 2197 256 2264 papyro
286 2178 366 2244 disci
394 2185 510 2261 potest.
555 2180 620 2246 Sed
650 2181 752 2264 magis
773 2181 908 2247 inclinat
929 2183 1071 2264 animus,
1099 2189 1134 2248 ut
1156 2183 1260 2249 exiis

128 2283 281 2360 corrupta
301 2295 372 2342 esse
393 2277 529 2342 arbitrer
552 2302 567 2342 e
591 2297 648 2360 pro
671 2301 692 2340 α
715 2285 747 2344 θῖ
770 2302 785 2344 ε
808 2299 866 2363 pro
890 2303 912 2344 ι.
950 2279 1043 2347 Certe
1065 2301 1122 2364 pro
1142 2273 1261 2366 Ἀρτέ-

130 2366 239 2456 μιτός,
264 2393 347 2456 quoe
364 2395 428 2439 vox
443 2375 541 2440 etiam
563 2373 629 2440 alia
642 2375 802 2441 Laconica
822 2377 1021 2460 proprietate
1041 2377 1177 2461 insignis
1200 2384 1258 2462 est,

126 2468 557 2554 ²adprobatorscribendum
580 2489 651 2538 esse
674 2493 799 2539 censeo.
823 2509 865 2520 -
887 2499 909 2559 ᾳ
930 2495 989 2557 pro
1013 2499 1032 2560 ῃ
1056 2475 1207 2546 videmus¹
1227 2474 1261 2539 in

131 2568 257 2633 duabus
278 2567 411 2633 vocibus
433 2568 615 2633 Laconicis:
640 2564 706 2654 ἆγᾷ
727 2577 760 2634 θῖ
781 2569 917 2656 αἱματᾷ.
952 2570 1095 2637 Offendit
1116 2572 1261 2653 vulgaris

131 2656 315 2730 terminatio
343 2665 376 2729 in
406 2665 512 2731 verbis
538 2664 626 2748 apud
653 2673 775 2733 ceteros
797 2667 938 2734 Graecos
960 2669 1129 2734 inusitatis.
1174 2669 1260 2733 Num

130 2764 193 2828 hac
208 2762 298 2827 reiis
313 2761 474 2827 civitatem
491 2761 569 2828 dare
583 2763 685 2829 voluit
706 2770 803 2847 poeta
823 2764 857 2830 in
879 2765 1008 2852 literis?
1037 2765 1187 2831 Fortasse
1201 2785 1260 2848 pro

131 2856 234 2926 αὐτὸν
258 2855 324 2944 dyo}
345 2858 381 2924 fr.
402 2863 459 2923 121
484 2856 586 2925 αὐτὸν
608 2857 673 2945 ἄγα
695 2862 899 2928 scribendum
921 2869 985 2944 θεῖ,
1014 2869 1049 2927 ut
1071 2884 1128 2947 pro
1151 2858 1259 2947 dyaoo

131 2958 182 3038 sit,
199 2977 241 3022 ex
256 2953 341 3038 dyco
354 2964 550 3023 contractum
565 2957 616 3036 (ef.
629 2957 742 3044 ἒττρία,
759 2964 844 3042 τρία
855 2959 933 3024 Ahr.
948 2958 978 3027 d.
991 2959 1022 3025 d.
1035 2961 1074 3025 D.
1090 2964 1172 3041 198),
1188 2981 1260 3027 cnm

130 3053 332 3137 grammatici
347 3055 431 3119 hanc
445 3053 579 3121 formam
594 3056 635 3121 ab
652 3057 760 3122 nescio
776 3077 838 3139 quo
854 3057 953 3122 verbo
968 3053 1040 3142 ἀγιῦ
1056 3057 1262 3125 deducerent.

220 3149 341 3216 Contra
364 3172 385 3215 σ
406 3169 464 3233 pro
479 3173 499 3214 τ
519 3160 551 3218 θῖ
573 3154 690 3240 papyri
713 3155 861 3240 exemplo
884 3152 1094 3240 (πρόςωπον)
1117 3164 1150 3222 θῖ
1163 3156 1262 3240 Apol·

130 3247 211 3314 lonii
245 3246 363 3313 diserto
394 3248 576 3315 testimonio
607 3255 668 3327 (σέ)
698 3260 730 3318 θῖ
759 3259 860 3318 metro
890 3249 1072 3329 (εὕδουσι-ν)
1103 3253 1182 3320 satis
1213 3260 1261 3320 θεῖ

131 3344 365 3411 confirmatum.
409 3345 478 3411 Hoc
500 3353 532 3412 et
554 3365 597 3412 ex
614 3348 749 3414 Aeolica
770 3356 803 3414 et
825 3368 866 3413 ex
888 3349 981 3432 epica
1003 3350 1142 3416 dialecto
1165 3358 1262 3434 poeta

132 3443 238 3526 potuit
267 3441 404 3508 haurire.
456 3444 530 3508 Non
559 3445 664 3510 minus
693 3451 814 3510 certum
844 3444 971 3510 videtur
994 3469 1015 3512 σ
1036 3465 1094 3530 pro
1125 3468 1178 3511 σσ.
1223 3447 1261 3513 In

132 3540 184 3604 his
206 3539 338 3605 vocibus
361 3541 580 3623 comparanda
608 3547 658 3607 θεῖ
687 3542 844 3625 correptio
872 3541 1021 3626 syllabae
1048 3544 1260 3625 langueam

132 3637 344 3720 productione
359 3637 522 3722 'syllabae
550 3638 658 3705 brevis
684 3639 719 3705 in
740 3659 819 3706 voce
842 3631 1066 3722 τολυμμελές.
1111 3639 1261 3707 Fortasse

131 3734 276 3799 imitatus
291 3739 341 3800 est
358 3733 493 3801 Alcman
515 3735 684 3820 poeticam,
708 3755 789 3821 qnae
805 3737 835 3802 ei
857 3734 1037 3819 videbatur,
1061 3736 1224 3802 licentiam
1240 3761 1262 3804 σ

132 3851 192 3914 pro
217 3852 274 3911 σσ,
305 3831 323 3893 λ
346 3853 404 3915 pro
426 3833 465 3897 λλ
486 3835 735 3917 pronuntiandi.
769 3833 881 3916 Aeque
903 3858 922 3920 η
950 3855 1008 3918 pro
1031 3857 1071 3899 ec
1092 3833 1262 3904 admisisse

132 3927 272 4012 videtur,
305 3930 417 4013 epicae
450 3929 580 3998 dialecti
606 3931 790 4016 analogiam
820 3937 963 4014 secutus,
995 3932 1073 3998 item
1102 3928 1262 4018 τέτρατον

132 4025 228 4090 metri
251 4028 373 4111 gratia,
405 4047 476 4094 cum
505 4036 581 4125 ante
603 4031 712 4095 oculos
734 4028 868 4094 haberet
889 4029 922 4094 in
946 4028 1046 4112 epicis
1068 4030 1262 4099 carminibus
