2968 4866
219 439 281 503 282
721 439 856 497 Schrader

220 614 366 683 omnibus
381 615 414 681 in
430 615 557 681 casibus
572 614 720 696 retinent,
739 612 860 700 σωτήρ,
878 619 1031 702 σωτῆρος
1047 621 1124 699 etc.;
1146 613 1259 682 eodem
1275 635 1348 699 per·

218 715 322 780 tinent
336 713 468 780 nomina
483 714 524 778 ab
540 713 605 778 illis
618 712 779 780 derivata:
796 733 823 779 e.
836 733 866 796 g.
880 716 1040 798 σωτηρία,
1055 710 1273 800 δικαστήριον
1286 720 1348 780 etc.

303 811 397 891 Quod
419 810 523 878 tontes
537 811 661 893 attinet,
684 811 816 877 uomina
830 811 864 876 iu
886 835 954 897 -ην,
976 834 1059 897 -μην
1081 811 1186 894 magis
1206 811 1348 878 inlibris

219 930 313 994 quam
339 911 373 974 in
395 908 496 974 titulis
519 910 669 992 leguntur
698 928 726 975 c.
748 929 779 992 g.
809 906 937 995 ποιμήν
960 909 1063 976 Aicm.
1086 911 1127 974 25
1156 908 1196 974 ct.
1220 909 1348 976 Ahrcus

217 1008 251 1073 11
267 1011 343 1090 1453
367 1006 485 1074 deinde
500 1030 558 1093 -ης
573 1006 607 1072 in
622 1006 723 1073 titulis
737 1006 866 1092 quidem
889 1008 922 1072 in
936 1006 1057 1072 nomin.
1076 1025 1184 1090 propr.
1206 1006 1348 1074 maxime

218 1107 384 1190 reperitur,
408 1111 443 1170 ut
458 1105 610 1192 -κράτης,
633 1102 771 1191 -φάνης,
794 1111 919 1191 -γένης,
937 1109 1084 1191 -σθένης
1106 1103 1145 1170 ci.
1161 1104 1347 1172 Beermann

220 1203 261 1269 dc
290 1203 366 1270 dial.
397 1204 501 1270 boeot.
531 1207 582 1268 24.
609 1206 660 1268 25.
698 1204 825 1271 Ahrens
852 1205 869 1269 Ι
894 1205 963 1268 183.
1006 1203 1268 1285 Frequentantur
1296 1203 1349 1270 de·

219 1302 317 1384 nique
339 1307 371 1368 et
399 1301 433 1366 in
455 1301 556 1368 titulis
586 1307 618 1367 et
645 1300 679 1366 iu
709 1301 801 1368 libris
822 1300 954 1367 uomina
980 1301 1015 1365 in
1042 1323 1127 1386 -τηρ
1159 1318 1189 1365 e.
1211 1321 1245 1382 g.
1272 1309 1348 1366 cret.

220 1397 359 1484 νικατήρ
382 1397 430 1464 tit.
454 1400 545 1464 Drer.
566 1403 635 1464 153.
673 1419 810 1466 metten.
833 1395 1052 1484 discurrimus
1075 1398 1141 1463 tob.
1165 1397 1251 1464 And.
1277 1403 1349 1464 110.

219 1497 296 1562 locr.
325 1496 531 1582 δικαστῆρας
564 1497 640 1581 hyp.
669 1518 700 1562 v.
725 1499 754 1562 8.
791 1517 878 1582 cypr.
910 1495 1075 1582 ijarripcv·
1098 1495 1146 1562 Id.
1175 1499 1204 1562 3.
1240 1496 1349 1562 boeot.

220 1593 333 1681 πατήρ
357 1595 454 1676 (Keil,
477 1596 609 1664 Nachtr.
631 1617 657 1660 u.
680 1595 754 1679 syll.
778 1598 829 1668 30]
854 1602 914 1662 etc.

118 1694 120 1698 ’
305 1693 380 1761 Una
401 1695 473 1761 elea
495 1693 652 1760 dialectus
673 1692 724 1759 01.
747 1713 821 1758 nov.
845 1696 911 1758 ac
933 1680 1044 1778 πατᾶρ
1068 1692 1208 1760 exhibet.

303 1793 373 1858 Iam
406 1805 482 1858 vero
515 1792 619 1858 omnis
652 1791 796 1876 quaestio
835 1789 869 1856 in
902 1809 940 1856 co
976 1791 1083 1873 posita
1114 1796 1178 1870 est,
1221 1787 1346 1876 πατήρ,

220 1887 359 1977 ποιμήν,
383 1885 528 1977 εὐγενής,
558 1889 672 1973 quibus
701 1890 762 1955 hac
787 1895 856 1954 tota
876 1888 918 1953 in'
932 1908 967 1955 rc
990 1886 1146 1971 exemplis
1169 1887 1217 1952 uti
1240 1887 1348 1969 liccat,

220 2009 360 2073 quanam
392 2008 434 2054 cx
466 1989 595 2071 prima
622 1987 724 2053 forma
753 1993 850 2053 enata
879 1986 951 2053 sint.
981 2021 1024 2034 -
1052 1987 1121 2069 ligo
1152 1991 1281 2067 antem,
1299 1985 1350 2049 mi

220 2087 329 2168 fallor,
357 2084 437 2151 duas
465 2085 526 2152 hoc
554 2083 745 2151 enucleandi
772 2084 913 2152 rationes
941 2083 1053 2150 video:
1098 2083 1160 2148 Illa
1183 2084 1271 2150 enim
1294 2091 1350 2148 ant

221 2185 348 2252 litterae
374 2193 392 2246 ᾰ
413 2183 591 2250 mutatione
614 2202 654 2249 ex
673 2191 779 2267 potor,
798 2183 937 2266 poimurr,
960 2191 1094 2265 cuperus
1114 2186 1171 2247 aut
1185 2181 1308 2246 vocalis
1332 2205 1348 2246 ε

220 2281 429 2366 productione
452 2300 493 2347 ex
512 2289 638 2365 potero,
666 2282 823 2364 poimcnr,
850 2299 996 2363 caponem
1018 2285 1088 2345 orta
1108 2297 1182 2345 esse
1202 2284 1350 2362 possunt.

221 2379 324 2446 Alteri
353 2379 486 2460 rationi,
520 2378 645 2446 etiamsi
674 2379 803 2464 plurimi
832 2397 903 2444 eam
932 2378 1069 2461 probent
1097 2386 1133 2442 ut
1160 2377 1349 2444 Schleicbcr

221 2477 463 2561 compendium³
485 2482 562 2542 511:
599 2474 679 2554 „der
699 2475 801 2544 abiail
823 2475 880 2542 des
901 2497 918 2538 s
939 2475 1078 2540 bewirkt
1099 2466 1348 2558 ers'atzdenung.

223 2573 389 2662 δυσμενής
411 2595 469 2642 aus
494 2574 705 2658 δυσμενεσ-ς,
731 2571 861 2660 ποιμήν
888 2592 947 2638 aus
969 2595 1130 2655 nospes-c
1153 2576 1248 2654 etc.“,
1279 2593 1349 2656 gra·

221 2675 372 2743 vissimae
393 2691 511 2741 causae
532 2672 696 2740 adversari
719 2671 797 2738 mihi
822 2670 981 2738 videntur.
1020 2671 1103 2736 Nam
1126 2670 1265 2755 primum
1291 2690 1346 2736 no-

220 2773 363 2839 tissimae
391 2772 468 2838 illae
495 2789 631 2855 graecae
659 2768 878 2855 productionis
905 2767 1123 2852 suppletoriae
1151 2769 1243 2852 leges
1265 2769 1346 2836 tales

221 2877 311 2953 sunt,
341 2870 523 2935 utiliorum
546 2869 726 2936 sentcntiae
748 2868 885 2934 obstent.
930 2868 980 2932 Ex
1001 2866 1107 2949 prisco
1130 2866 1216 2932 enim
1239 2866 1346 2949 aliquo

222 2990 366 3051 narso-c
387 2967 421 3032 in
436 2967 535 3033 attica
551 2966 689 3033 dialecto
704 2963 852 3048 *πατείρ
868 2965 919 3039 (ci.
935 2963 1086 3050 ἐ’φθειρα
1101 2982 1143 3029 ex
1157 2961 1344 3049 diptico-oo,

222 3062 387 3130 aeci-dor.
410 3062 576 3151 ἕφθηρα),
601 3085 641 3132 ex
663 3064 768 3147 prisco
790 3063 899 3146 aliquo
921 3085 1081 3144 troipas-9
1103 3059 1270 3144 *ποιμείν
1292 3066 1345 3126 aut

221 3159 386 3243 *ποιμείς
402 3161 452 3240 (cl.
469 3161 580 3228 ἕτεινα
598 3183 640 3229 ex
654 3161 801 3244 ἒτεν-σα,
824 3161 990 3228 acob-dor.
1007 3158 1117 3245 ἕτηνα,
1142 3155 1193 3236 εἷς
1208 3177 1250 3225 ex
1265 3157 1343 3239 ἑν-ς,

222 3259 290 3325 dor.
314 3251 365 3345 ἧς)
388 3259 463 3324 oriri
485 3259 604 3327 debuit.

307 3358 380 3424 Scio
396 3361 467 3425 esso
482 3359 536 3443 qui
551 3359 663 3424 miram
677 3359 766 3424 illam
781 3358 910 3441 linguae
932 3355 1181 3422 inconstantiam
1203 3353 1342 3440 (πατήρε

223 3455 386 3544 tortorque)
409 3457 456 3523 ita
471 3458 633 3542 explicare
655 3456 815 3536 studeant,
839 3463 873 3522 nt
887 3455 984 3520 variis
1006 3453 1205 3538 temporibus
1228 3453 1341 3519 formas

221 3557 296 3623 illas
311 3562 397 3623 ortas
413 3576 484 3623 esso
498 3556 707 3640 suspicentur.
746 3554 843 3620 Velut
858 3554 1053 3619 Beermanus
1064 3550 1130 3631 “(de
1146 3550 1223 3616 dial.
1241 3551 1341 3615 boeot.

222 3676 254 3739 p.
270 3657 339 3732 ab:
370 3653 454 3732 „dno
477 3655 577 3735 onim,
601 3654 719 3740 inquit,
748 3650 966 3736 productionis
988 3648 1205 3733 suppletoriae
1227 3665 1340 3732 genera

213 3752 451 3835 distinguenda
465 3758 549 3832 sunt,
571 3751 717 3830 alterum,
740 3751 851 3833 inquo
873 3749 937 3814 iam
960 3755 1036 3814 autc
1057 3747 1258 3829 linguumfin
1281 3743 1342 3808 dia·

222 3852 323 3917 lectos
358 3850 535 3933 digressam
568 3849 653 3916 iacto
688 3867 801 3914 omncs
835 3847 964 3913 dialecti
992 3845 1135 3911 vocalem
1167 3843 1337 3927 producunt

224 3952 264 4024 (c.
286 3967 333 4030 gr.
356 3945 485 4032 πατήρ,
509 3943 673 4034 εὐγενής),
696 3946 832 4012 alterum
854 3943 1013 4012 inferioris
1034 3942 1205 4026 temporis,
1228 3942 1336 4021 inquo

224 4045 403 4129 complures
424 4046 554 4112 dialecti
577 4044 785 4129 productione
807 4044 1000 4110 abstinent.“
