2978 4872
230 419 232 427 .
251 362 292 426 66
499 429 501 437 ⁴
750 365 882 424 Baunaok
1360 349 1364 358 ’
1455 359 1459 506 4

251 535 482 622 pronominalis
509 538 626 606 radicis
648 539 708 604 'mo
736 560 807 610 esse
839 539 1010 620 videratur,
1043 539 1085 605 ab
1119 537 1206 604 omni
1236 537 1369 621 genetivi

251 633 475 702 terminatione
501 636 695 706 abstinuisse
723 637 859 722 dioerat3
892 636 1069 704 Iraniorum
1097 642 1130 703 et
1159 635 1369 702 Slavo·Litua·

250 752 364 800 norum
386 753 479 816 mapa
499 732 744 802 dissimilatione
766 755 807 802 ex
829 755 929 802 mama
952 754 1024 800 esse
1038 740 1158 801 natum.
1193 732 1370 817 Disputauit

250 829 474 898 Sohleioherus
496 849 536 896 ea
558 831 599 898 de
621 852 655 901 ra
670 834 704 898 in
720 832 830 917 Gomp.
846 821 967 916 p.'632.
998 833 1115 898 Verum
1138 830 1179 897 de
1202 831 1255 898 his
1269 831 1369 896 formis
1406 908 1409 914 s

251 927 345 995 aliter
374 927 509 994 tortasse
537 935 586 994 est
614 930 833 998 iudioandum.
877 929 956 996 Mihi
985 928 1113 1012 quidem
1145 929 1214 996 ueri
1243 928 1369 995 similius
1457 959 1458 1006 i

251 1045 323 1094 esse
345 1025 472 1092 videtur
493 1027 684 1108 pronomina
705 1028 904 1112 possessiva,
927 1046 1010 1109 qnae
1031 1027 1135 1110 attuli,
1158 1025 1296 1092 diversis
1316 1025 1370 1092 sul·
1456 1017 1458 1070 J

251 1121 323 1190 fixis
352 1141 423 1190 esse
451 1122 603 1206 formata,
631 1125 677 1190 ita
705 1132 740 1191 ut
767 1125 1010 1192 sansoritum
1039 1145 1156 1188 ma-mo
1185 1121 1300 1191 suffixo
1326 1143 1369 1186 ma
1456 1177 1458 1187 .

252 1221 446 1300 (elusum,
468 1221 570 1296 imo),
594 1220 791 1289 inanioum
808 1231 841 1289 et
862 1221 1250 1288 slavo-lituanioum
1272 1239 1370 1285 ono-no
1456 1259 1457 1289 i

251 1317 366 1386 suffixo
388 1337 428 1380 ou
451 1317 518 1396 (oin.
541 1325 643 1398 ena),
666 1319 840 1386 latinum
863 1339 962 1392 meas,
986 1327 1064 1402 got.
1087 1321 1184 1382 meins
1207 1317 1321 1384 suffixo
1334 1316 1370 1400 jo
1456 1387 1458 1406 ἱ

252 1415 319 1495 (eir.
344 1411 446 1498 ort-jo)
467 1413 636 1481 formatum
657 1422 777 1498 putem.
815 1416 909 1497 Quod
931 1417 1062 1500 linguae
1080 1417 1187 1499 Asiae,
1212 1436 1282 1483 eum
1305 1414 1369 1481 aliis
1456 1407 1458 1454 ³

252 1511 420 1597 permultis
441 1512 537 1579 rebus
552 1514 668 1578 mirum
683 1520 835 1597 quantum
851 1515 935 1581 inter
949 1534 984 1580 se
1000 1514 1181 1596 oonoinant‚
1204 1515 1255 1580 his
1271 1513 1370 1579 formis
1456 1571 1457 1598 Ξ

252 1611 337 1690 inter
358 1627 430 1676 sese
452 1608 612 1692 differunt,
634 1610 667 1675 in
690 1631 728 1678 eo
750 1632 816 1678 non
838 1613 940 1696 magis
963 1610 1189 1682 offendendum
1213 1616 1263 1677 est
1285 1630 1370 1694 quarn
1455 1632 1457 1640 ’

252 1709 280 1776 si
296 1706 429 1775 eaedem
444 1708 479 1772 in
493 1707 659 1774 voeabulis
681 1708 753 1772 ο-Ιεα
776 1717 809 1775 et
830 1730 922 1772 oe-oa
944 1708 1121 1774 formandis
1144 1709 1281 1776 diversis
1302 1726 1371 1774 usae
1456 1709 1457 1778 3

252 1812 327 1874 sunt
349 1803 481 1871 suffixis.

338 1903 383 1969 Ut
405 1922 581 1985 pronomen
604 1904 819 1984 possessivum
838 1901 999 1968 secundae
1021 1922 1180 1985 personae
1194 1902 1370 1979 formarent,
1456 1955 1457 1960 ,

253 1999 380 2082 linguas
402 1999 499 2065 aliam
522 2000 680 2064 rationem
703 2001 814 2065 iniisse
827 1998 984 2066 videmus.
1018 2000 1086 2066 Neo
1101 2005 1211 2067 tamen
1227 2003 1296 2068 eius
1310 2019 1371 2084 per·

253 2114 354 2163 sonae
381 2094 503 2161 formae
530 2097 564 2160 in
593 2096 711 2179 linguis
741 2096 885 2179 cognatis
910 2097 996 2162 inter
1025 2116 1061 2163 se
1089 2095 1289 2181 discrepant,
1320 2096 1371 2164 sed

255 2201 468 2259 omnestoou-
491 2191 1049 2276 formamindogermanioam
1065 2194 1369 2262 fuissealiirmant.

254 2290 306 2355 lta
327 2290 359 2355 in
382 2289 494 2371 lingna
515 2291 723 2356 sanserita
751 2290 847 2375 stirps
869 2312 927 2375 pro
950 2296 1062 2358 neutro
1085 2300 1239 2376 usurpata
1260 2292 1371 2376 geneti-
1405 2327 1409 2334 ·

254 2408 331 2454 vum
357 2385 554 2469 pronominis
583 2389 762 2471 personalis
784 2388 926 2454 denotat.
972 2391 1055 2456 Dein
1078 2409 1139 2473 quo
1163 2390 1259 2456 modo
1280 2407 1370 2452 memo

254 2504 296 2553 ex
316 2483 475 2558 mumulo,
507 2485 621 2551 eodem
651 2496 723 2550 tovo
753 2505 794 2552 ex
817 2485 931 2549 ttoolcu
953 2493 985 2552 et
1007 2486 1153 2552 turatino
1183 2494 1291 2555 nostro
1310 2487 1369 2550 iuro

255 2581 452 2649 deduoimus.
497 2584 578 2648 Tum
602 2584 635 2649 in
657 2582 829 2650 zendioa
853 2583 965 2666 lingua
988 2584 1119 2666 eadem,
1149 2605 1232 2668 quae
1252 2583 1292 2650 in'
1307 2603 1369 2674 san·

253 2682 361 2762 sorita,
384 2681 465 2747 ratio
481 2682 621 2762 oernitur
635 2681 743 2766 stirpis
758 2679 801 2747 ad
825 2681 1068 2762 exprimendum
1091 2685 1288 2766 pronominis
1308 2700 1368 2766 per·

254 2777 376 2845 sonalis
405 2779 589 2862 genetivum
618 2778 833 2845 adhibendae.
879 2778 985 2843 Etiam
1015 2780 1175 2846 slavioa
1198 2791 1230 2847 et
1257 2781 1366 2845 litua·
1459 2831 1460 2846 .

254 2875 348 2942 nioa
369 2874 481 2957 lingua
502 2896 567 2941 non
590 2895 694 2958 pauoa
717 2877 785 2942 eius
800 2874 910 2956 stirpis
932 2876 1070 2960 vestigia
1092 2879 1258 2960 praebent.
1291 2877 1366 2942 Inter

256 2990 339 3054 qnae
362 2970 491 3053 quidem
520 2971 641 3038 formae
668 2972 735 3036 teba
757 2983 844 3052 toppo
868 2978 901 3038 et
922 2972 1115 3038 adieetivum
1139 2975 1228 3038 iduor
1249 2970 1364 3040 maximi

254 3076 331 3152 sunt
344 3069 506 3134 momenti.
538 3071 620 3134 'an
643 3069 741 3153 plane
756 3075 869 3154 aperta
888 3074 937 3135 est
959 3070 1117 3138 latinae
1138 3073 1227 3139 voois
1248 3083 1314 3136 tuos
1332 3087 1365 3134 en

149 3176 151 3180 '
257 3175 345 3229 tovos
378 3164 561 3249 explicatio.
620 3168 786 3234 Postremo
819 3166 889 3234 sine
923 3165 1020 3232 dubio
1052 3188 1228 3252 graecae
1259 3170 1365 3234 formae

200 3299 201 3306 .
255 3261 349 3342 τεός,
379 3273 472 3330 τεοῖο
502 3267 547 3342 (Θ
571 3267 621 3347 37,
646 3267 772 3330 468-
795 3285 852 3348 pro
879 3265 1030 3352 *toenejo
1051 3274 1105 3345 -)
1135 3268 1198 3334 huo
1226 3269 1365 3353 spectant

255 3361 359 3428 Looos
374 3360 560 3428 Homerioos
582 3368 614 3429 et
635 3363 770 3428 aliorum
786 3364 983 3448 scriptorum,
1007 3365 1121 3448 quibus
1143 3365 1228 3446 illae,
1243 3364 1365 3432 traditae

178 3502 180 3507 -
255 3465 340 3543 sunt,
364 3458 516 3526 oolleotos
537 3459 665 3527 invenis
688 3481 708 3526 a
730 3461 862 3528 (sonnio
885 3468 917 3528 et
936 3460 1059 3528 (lauet-o
1082 3463 1115 3526 in
1132 3462 1231 3528 Curtii
1254 3459 1363 3541 „stud.“

256 3558 319 3626 vol.
343 3558 369 3640 Ι,
393 3561 412 3622 2
434 3578 468 3649 p.
490 3560 563 3640 251,
586 3557 649 3624 v11
671 3580 703 3642 p.
730 3563 799 3624 105.

342 3656 393 3720 Ex
421 3655 485 3736 eis,
514 3675 597 3738 quae
623 3655 844 3740 exposuimus,
873 3656 1127 3723 oonolndendum
1157 3677 1229 3724 esse
1256 3654 1367 3720 uidetur

257 3751 390 3817 formam
422 3753 645 3836 primigeniam
673 3753 706 3818 in
734 3752 996 3836 indogermaniea
1026 3755 1137 3838 lingua
1165 3755 1263 3820 fuisse
1284 3763 1366 3816 toou.

258 3849 328 3914 Iam
358 3867 434 3914 vero
463 3848 570 3917 adhue
599 3851 757 3934 putabant
778 3847 855 3927 τεός
884 3869 925 3917 ex
952 3852 1041 3918 brevi
1063 3851 1162 3934 stirpe
1184 3862 1250 3924 tvo,
1276 3844 1367 3915 vooali

172 4003 177 4011 .
259 3945 387 4012 ointer
418 3945 580 4015 dentalam
608 3955 729 4016 mnam
759 3955 791 4016 et
822 3947 974 4016 labialem
1003 3949 1177 4032 spirantem
1206 3947 1366 4024 inter-ieota,
