2968 4866
501 1269 626 1345 Ornos
652 1293 807 1346 Ριιιιιιιιι.

437 1461 456 1538 §
482 1465 508 1526 1.
560 1458 880 1525 Praemittenda.

170 1615 347 1686 Poetarum
370 1611 554 1678 melioorum
570 1612 764 1678 Graecorum
786 1609 942 1677 dialectos
963 1611 1097 1677 mixtam
1120 1633 1219 1695 quan·

93 1711 164 1776 dam
186 1708 329 1794 speciem
359 1709 515 1792 praebere
544 1712 705 1792 cognitum
731 1707 896 1774 habebant
923 1708 984 1773 viri
1010 1708 1097 1774 docti
1118 1710 1217 1774 multo

92 1810 176 1892 prius
205 1823 305 1891 quam
334 1826 374 1872 ex
406 1807 620 1891 epigraphicis
648 1806 763 1874 studiis
791 1812 823 1870 et
850 1824 868 1871 e
896 1806 1106 1887 grammatica
1134 1826 1217 1889 quae

93 1905 204 1972 dicitur
223 1904 447 1986 comparativa
470 1905 695 1985 dialectorum,
725 1905 758 1968 in
788 1922 868 1985 quas
890 1902 1002 1984 lingua
1024 1903 1149 1972 Graeca
1172 1903 1218 1968 di·

92 2005 159 2069 visa
181 2007 269 2082 erat,
298 2001 445 2067 subtilior
473 2002 612 2086 cognitio
641 2009 738 2085 atque
767 2001 847 2065 ratio
876 1999 1021 2066 effloruit.
1066 2001 1132 2077 Sed
1155 2003 1218 2068 ele·

93 2109 206 2181 menta,
232 2121 276 2166 ex
298 2100 411 2181 quibus
432 2099 590 2165 conflatae
605 2107 679 2165 sunt
699 2100 777 2164 illae
801 2097 941 2180 dialecti,
964 2098 1163 2182 distinguere
1186 2107 1217 2167 et

92 2198 232 2264 undeet
256 2207 320 2280 qua
349 2198 389 2262 de
411 2217 509 2263 causa
537 2204 653 2281 poetae
681 2217 720 2262 ea
742 2195 966 2262 arcessiverint
996 2202 1028 2262 et
1055 2215 1217 2265 arcessere

93 2296 264 2379 potuerint,
288 2293 451 2378 explicare
473 2313 582 2359 corum
605 2301 662 2375 est,
686 2295 739 2376 qui
762 2301 872 2360 nostra
890 2299 996 2359 aetate
1018 2293 1061 2358 ad
1084 2295 1144 2362 has
1165 2316 1217 2363 res

93 2395 214 2459 animos
238 2397 273 2457 et
293 2391 401 2457 studia
422 2398 658 2456 converterunt.
700 2392 836 2472 Ahreus,
859 2398 1028 2473 postquam
1051 2393 1217 2459 Aeolicam

93 2497 123 2556 et
145 2490 298 2556 Doricam
322 2486 475 2554 dialectos
498 2488 740 2556 in‘univcrsum
764 2487 947 2570 descripsit,
980 2487 1021 2553 de
1049 2497 1217 2571 poetarum

93 2609 216 2670 quoque
239 2607 387 2654 sermone
410 2586 596 2669 quaesivit¹l
627 2592 659 2651 ct
680 2587 761 2651 haec
782 2584 849 2652 iere
873 2584 913 2650 de
936 2583 1081 2653 dialectis
1103 2588 1217 2670 lyrico·

92 2705 157 2750 rum
187 2691 266 2770 poet
267 2704 358 2749 arum
387 2685 592 2768 praecepit.
606 2683 650 2749 Ut
671 2683 773 2748 omnis
802 2677 914 2766 lyrica
926 2683 1039 2778 poesis
1055 2682 1101 2762 ab
1116 2685 1229 2781 epica

93 2779 532 2890 prolectaest‚1adraleotr,
557 2770 671 2864 quibus
680 2771 857 2858 utebantur
872 2780 965 2876 lyrici
987 2773 1111 2864 poetae,
1134 2803 1216 2846 nun·
1225 2805 1230 2811 ·

93 2881 185 2970 quam
210 2865 377 2949 desierunt
405 2879 500 2961 hujus
529 2879 661 2960 originis
690 2884 778 2944 certa
806 2897 885 2963 prae
907 2897 942 2944 se
964 2877 1047 2946 ferre
1060 2880 1215 2994 vestigia

94 2964 257 3042 Convenit
268 2982 373 3042 autem
391 2977 597 3059 elegantiae
589 2977 710 3059 rugenir
701 2977 931 3057 'Graecorum
954 2976 1039 3059 quod
1054 2979 1216 3078 variorum
1277 3047 1280 3056 ,

93 3074 226 3159 lyricae
242 3074 351 3158 poesis
381 3093 533 3156 generum
563 3081 708 3142 auctores
737 3094 798 3155 quo
827 3073 955 3156 longius
984 3075 1025 3140 ab
1055 3068 1216 3159 epicorum

93 3173 270 3253 carminum
298 3173 423 3236 ratione
451 3171 701 3255 abducebantur,
732 3193 770 3238 eo
800 3173 903 3254 magis
932 3171 1016 3237 hanc
1045 3170 1234 3239 dialectum

95 3246 296 3335 deserebant.
341 3269 410 3333 Hoc
430 3269 525 3334 modo
548 3269 744 3349 factumest,
768 3275 803 3334 ut
825 3269 969 3351 elegiaci,
992 3267 1141 3351 iambici,
1154 3291 1218 3337 me·

93 3367 145 3432 liei
173 3372 292 3451 poetae
320 3366 427 3431 varias
456 3366 705 3437 conformandae
733 3367 865 3432 dialecti
894 3366 983 3446 leges
1012 3368 1111 3432 secuti
1143 3368 1235 3446 sint„

94 3463 152 3530 Vel
185 3465 272 3528 inter
293 3463 427 3528 melicae
456 3464 563 3546 poesis
596 3465 686 3529 varia
718 3483 837 3546 genera
865 3463 951 3528 haud
986 3483 1119 3546 parvum
1155 3463 1217 3529 dis·

94 3561 213 3627 crimen
237 3568 381 3650 apparet.
418 3560 479 3641 Qui
501 3561 584 3645 epici
604 3561 753 3626 carminis
775 3558 911 3643 pondus,
933 3567 968 3625 ut
983 3559 1218 3640 Quinctilianus

94 3657 185 3738 dicit,
215 3658 290 3742 lyra
316 3659 473 3724 sustinere
502 3659 715 3739 conabantur,
745 3658 837 3741 opica
859 3657 997 3722 dialecto
1025 3679 1082 3740 pro
1104 3657 1217 3750 lunda-

164 3859 184 3924 ¹)
206 3857 295 3914 Ucber
311 3858 356 3914 dic
372 3858 518 3927 Mischung
530 3858 579 3913 der
591 3857 714 3913 Dialecte
732 3857 760 3912 in
778 3857 826 3912 der
842 3855 943 3925 griech.
956 3857 1041 3926 Lyrik
1059 3857 1151 3921 (Verh.
1171 3858 1219 3913 der

95 3937 168 3994 Gdtt.
191 3939 271 3994 Vere.
297 3939 345 3994 der
367 3939 465 3994 Philol.
494 3943 557 3993 1853
579 3956 607 4008 p.
626 3944 678 4004 55).
725 3937 910 3995 conferendus
933 3944 974 3993 est
997 3937 1104 4006 Herzog
1129 3938 1219 3994 Uebcr

94 4017 137 4073 die
154 4018 447 4088 Bildungsgesohichto
464 4019 511 4078 dcr
527 4019 628 4086 griech.
647 4018 706 4106 und
721 4019 765 4074 lat.
786 4018 907 4088 Sprache
923 4036 950 4088 p.
973 4023 1027 4072 163.
