2986 4864
465 427 507 485 De
524 430 664 486 Alcmanis
681 433 779 502 poetae
796 432 919 490 dialecto.
1193 435 1253 498 373

129 609 270 668 mutasse
292 601 328 666 in
342 603 522 686 antiquiore
536 604 701 670 Laeonum
716 603 854 672 dialecto
871 608 891 687 ἓ
906 610 936 688 9,
960 605 1080 674 deinde
1094 608 1127 673 iu
1149 609 1254 676 tuturo

128 699 295 783 sigmatico
311 708 387 767 ante
403 724 429 764 ω
445 708 478 766 et
493 724 511 766 o
527 702 692 784 antiquam
708 702 883 786 spirantem
899 701 923 787 j
942 724 1007 768 non
1030 705 1135 771 minus
1158 727 1254 788 quam

127 799 159 864 in
176 799 443 865 Heracleensium
465 798 604 865 dialecto
626 801 799 867 evanuisse
821 801 905 884 517.
938 802 1020 866 Tum
1036 801 1255 885 abjudicanda
1380 809 1384 814 '

129 904 201 962 sunt
231 897 273 962 ab
303 896 492 979 aequalibus
515 897 695 979 Alcmanls,
725 898 870 981 quaein
898 898 1072 965 recentiore
1093 900 1255 966 Laconica

129 994 267 1060 dialecto
284 994 426 1059 valuisse
440 1001 580 1061 constat:
604 1016 625 1059 σ
640 995 724 1061 inter
738 997 867 1063 vocales
882 995 922 1078 in,
931 996 1077 1078 spiritum
1092 1016 1252 1080 asperum,

128 1091 160 1156 in
184 1093 273 1158 exitu
294 1091 523 1157 vocabulorum
546 1093 581 1157 in
603 1118 621 1176 ρ
645 1099 817 1176 mutatum,
848 1092 920 1173 ζίιι
944 1091 963 1156 d
986 1097 1018 1158 et
1042 1092 1083 1158 dd
1106 1095 1255 1161 obseura-

127 1196 205 1271 tum,
228 1188 390 1255 sibilantis
411 1189 607 1273 aphaeresis,
635 1191 710 1274 quia
731 1191 765 1256 in
788 1190 904 1258 nostris
925 1190 1113 1273 fragmentis
1134 1211 1177 1257 ne
1200 1211 1255 1258 ve·

127 1287 258 1371 stiglum
291 1285 421 1370 quidem
448 1287 561 1368 harum
590 1289 800 1354 mutationum
832 1294 983 1374 apparet,
1018 1307 1088 1354 cum
1117 1289 1254 1355 Alcman

127 1385 252 1450 nullam
273 1383 453 1450 Laconicae
475 1383 604 1451 dialecti
626 1405 704 1452 suae
732 1386 848 1453 actads
875 1385 1102 1470 proprietatem
1124 1405 1255 1468 prorsus

127 1481 317 1566 repudiasse
345 1482 502 1547 videatur.
547 1484 597 1548 De
620 1505 641 1547 o
662 1503 719 1567 pro
742 1489 770 1548 θ
792 1483 897 1567 posito
925 1503 990 1549 non
1012 1483 1117 1552 audeo
1140 1482 1257 1567 dijudi-

127 1575 212 1661 car'e,
235 1601 312 1644 num
335 1600 417 1663 quae
440 1581 589 1663 exempla
612 1580 698 1665 apud
722 1581 910 1646 Alcmanem
934 1588 1046 1648 extant
1066 1586 1164 1664 poeta
1185 1581 1256 1663 ipse

12 1741 14 1750 ,
129 1697 168 1744 cx
196 1677 378 1760 antiquiore
406 1678 569 1743 Laconum
598 1677 736 1744 dialecto
765 1677 923 1759 hauserit,
956 1698 998 1744 an
1028 1678 1255 1764 grammaticus

128 1773 260 1857 quidam
284 1794 324 1842 ex
346 1776 521 1841 recentiore
543 1781 656 1858 postea
676 1774 848 1840 addiderit.

214 1873 328 1954 Neque
358 1880 465 1938 muron
495 1891 606 1938 omnes
638 1891 734 1938 voces
762 1871 939 1936 Laconicas
972 1871 1061 1954 leges
1094 1880 1253 1953 secuntur,
1380 1859 1384 1870 ’

128 1969 207 2036 salis
229 1970 352 2036 multae
373 1979 463 2050 sunt,
493 1988 576 2052 quae
598 1970 639 2034 ab
668 1969 729 2034 hac
757 1968 896 2035 dialecto
920 1968 1090 2053 recedant,
1121 1989 1254 2053 quarum

129 2067 291 2151 duplicem
320 2085 391 2135 esse
421 2068 576 2150 originem
604 2065 700 2132 facile
729 2066 935 2149 intellegitur.
979 2067 1063 2132 Nam
1094 2086 1165 2132 cum
1188 2067 1255 2134 dia·

127 2164 213 2230 lecto
241 2185 372 2248 prorsus
400 2171 542 2248 purant
568 2165 726 2230 constanti
755 2169 872 2248 poetae
901 2163 993 2249 lyrici
1022 2164 1071 2228 usi
1093 2184 1159 2229 non
1180 2165 1257 2246 sint,

127 2269 254 2345 partem
276 2262 318 2327 ab
341 2263 411 2354 ipso
434 2269 531 2347 pocta
545 2279 616 2328 esse
638 2261 813 2344 prolectam
829 2267 973 2346 apparet,
997 2259 1136 2327 sednon
1151 2262 1257 2328 minus

129 2367 250 2425 certum
274 2366 331 2441 est,
354 2367 478 2443 partem
501 2359 640 2426 librariis
659 2359 779 2440 deberi,
803 2359 856 2440 qui
872 2357 1087 2424 reconditiora
1101 2358 1257 2425 facillimo

129 2477 236 2525 errore
264 2456 307 2521 ad
338 2457 515 2540 vulgarium
544 2456 715 2523 formarum
744 2456 890 2538 regulam
914 2455 1099 2538 dirigerent.
1144 2457 1258 2522 Socer-

129 2554 240 2622 nenda
261 2556 357 2638 igitur
378 2562 453 2620 sunt
481 2575 535 2636 ca,
563 2573 647 2636 quae
675 2560 789 2635 postea
815 2552 849 2616 in
878 2551 1021 2616 carmina
1048 2552 1254 2635 irrepserunt,

128 2652 171 2718 ab
193 2653 243 2733 iis,
267 2671 351 2735 quae
367 2673 389 2718 a
410 2651 567 2737 principio
589 2651 624 2716 in
646 2650 712 2716 illis
733 2650 903 2729 extabant,
927 2655 970 2730 ut,
994 2667 1056 2730 quo
1078 2649 1201 2716 ambitu
1224 2655 1258 2715 et

129 2770 192 2833 quo
203 2750 338 2817 consilio
348 2751 484 2814 Alcman
499 2749 580 2814 haec
594 2747 787 2823 adhibuerit,
804 2765 956 2828 quaerere
972 2745 1139 2829 possimus.
1164 2745 1255 2823 Quae

129 2849 260 2932 quidem
281 2867 333 2915 res
355 2848 434 2914 satis
455 2845 579 2912 lubrica
601 2849 659 2925 est,
682 2863 757 2908 nam
777 2862 968 2925 quamquam
992 2862 1104 2908 omnes
1126 2843 1255 2924 formas,

130 2945 311 3030 dequibus
339 2964 425 3010 nunc
446 2944 562 3027 agitur,
591 2942 626 3008 in
656 2940 736 3007 duas
764 2946 873 3023 partes
902 2938 1046 3006 dividere
1075 2959 1254 3023 possumus,

130 3065 200 3110 cnm
231 3042 317 3108 aliae
341 3041 484 3124 vulgaris
511 3040 643 3122 linguae
671 3057 743 3104 esse
771 3036 950 3119 videantur,
979 3037 1065 3104 aliae
1092 3058 1159 3103 non
1181 3037 1256 3118 sint,

129 3149 240 3208 tamen
269 3147 398 3206 nostrae
421 3136 599 3221 quaestioni
628 3136 708 3201 haec
730 3134 911 3202 distributio
937 3155 1002 3200 non
1031 3155 1160 3218 prorsus
1183 3155 1257 3201 con-

129 3241 229 3306 venit.
259 3237 345 3304 Nam
365 3237 425 3302 has
442 3235 571 3319 quidem
593 3254 614 3299 a
636 3239 737 3317 poeta
754 3232 913 3317 prolectas
936 3252 1007 3299 esse
1028 3239 1114 3298 recte
1133 3231 1257 3314 judica·

129 3338 231 3418 veris,
274 3333 332 3402 scd
364 3333 439 3399 illas
471 3351 551 3398 cave
583 3350 625 3396 ne
655 3337 775 3396 temere
808 3349 919 3394 omnes
951 3328 1091 3394 librariis
1123 3323 1255 3394 tribuas.

129 3435 245 3518 Itaque
273 3436 418 3516 praestat
445 3430 506 3494 hoc
534 3427 630 3493 modo
652 3426 818 3493 materiam
842 3425 1029 3508 disponere,
1060 3429 1096 3487 ut
1117 3423 1255 3506 primum

128 3529 372 3609 recenseamus,
401 3547 533 3609 quarum
562 3525 643 3590 ratio
671 3522 795 3588 facilior
822 3523 878 3603 sit,
906 3521 1025 3586 formas
1053 3539 1075 3583 a
1095 3521 1255 3585 communi

128 3631 243 3712 lingna
275 3626 416 3705 alienas,
448 3643 528 3706 quas
561 3643 579 3690 e
612 3620 737 3685 duobus
767 3619 908 3706 lontibus
938 3622 1067 3700 poetam
1101 3615 1257 3698 petivisse

129 3746 229 3810 supra
243 3724 433 3802 monuimus,
456 3741 497 3788 cx
512 3719 645 3786 Aeolica
660 3717 798 3782 dialecto
820 3723 851 3782 et
866 3736 907 3783 cx
922 3713 1022 3798 epicis
1043 3706 1239 3778 carminibus
1247 3735 1255 3796 3

129 3824 164 3889 in
186 3821 251 3888 fine
272 3826 380 3887 autern
403 3816 599 3902 quaestionis
622 3821 750 3881 nostrae
767 3813 808 3879 de
821 3812 931 3877 lormis
953 3808 1150 3892 vulgaribus,
1173 3827 1257 3890 quae

130 3919 260 4004 quidem
282 3918 318 3983 in
340 3917 431 3982 libris
454 3919 597 3993 exstem,
615 3909 772 3995 judicium
793 3910 899 3976 lacere
920 3903 1117 3973 conabimur.
1252 3913 1253 3922 ¹
