2986 4864
150 366 155 376 Ι
256 384 317 446 394
777 389 853 458 Ruga

253 559 372 641 tendit,
402 560 477 643 quia
505 561 602 626 verbo
628 558 684 623 rus
711 561 745 625 in
762 548 1017 629 'destinationem
1041 564 1208 629 nominum
1237 567 1273 631 in
1295 569 1308 628 ἰ
1327 587 1376 634 ex-

254 658 395 724 euntium
424 665 622 740 transgresso
653 652 718 724 fieri
744 679 809 725 non
837 659 954 744 potuit,
986 660 1063 743 quin
1088 663 1163 724 ruri
1191 682 1234 728 ex
1256 666 1378 729 ruri-od

252 755 303 833 (oi.
321 755 426 818 sarad
444 775 518 838 pag.
536 758 609 831 392)
639 755 782 821 oriretur.
805 793 847 802 -
868 758 943 819 ruri
961 765 1067 824 autem
1090 778 1131 826 ea
1152 767 1315 844 potestate
1334 764 1375 830 le·

250 852 335 936 gitur
357 853 407 919 his
428 852 521 918 loeis:

377 954 503 1020 videtur
525 953 591 1020 ruri
612 955 744 1021 redisse.
789 957 882 1020 Truo.
906 955 965 1035 ΙΙΙ,
989 959 1018 1036 2,
1045 962 1071 1020 1.

377 1051 404 1119 si
427 1053 492 1117 ruri
514 1051 635 1118 veniat.
679 1055 771 1117 Truo.
795 1053 853 1134 ΙΙΙ,
877 1056 906 1132 2,
930 1056 980 1116 25.

376 1149 509 1216 veniunt
517 1151 582 1215 ruri
593 1149 712 1216 rustiei.
726 1150 817 1215 Most.
830 1153 920 1214 1676.
938 1150 1051 1233 itaque
1062 1173 1128 1219 non
1140 1161 1191 1220 est
1198 1164 1372 1225 eurmutes.

249 1281 291 1292 -
313 1248 410 1311 Tum:
434 1247 541 1311 eubitu
564 1254 683 1329 surgat.
729 1247 808 1313 Cato
830 1269 855 1311 r.
878 1268 904 1310 r.
928 1251 957 1310 5.

377 1363 456 1409 saxo
478 1344 582 1410 saliat.
627 1345 731 1410 Plaut.
755 1345 842 1409 Trin.
866 1347 938 1410 266.

376 1437 478 1505 ottioio
506 1441 630 1523 migret.
675 1441 763 1506 Trin.
788 1444 860 1507 639.
905 1441 1046 1521 Quocum
1079 1444 1205 1512 Plaeidi
1234 1449 1371 1530 glossam

247 1556 428 1620 compares:
462 1537 570 1624 officio
593 1541 740 1622 mrpravt't
760 1539 781 1603 i.
805 1559 832 1604 e.
857 1537 965 1623 officio
987 1543 1120 1603 recessit
1142 1544 1290 1620 (Deuerl.
1312 1552 1370 1627 73).

247 1633 353 1713 Quare
375 1635 494 1702 oodiois
515 1636 720 1702 Ambrosiani
741 1636 835 1702 leetio
857 1635 1069 1718 confirmatur,
1098 1658 1171 1704 oum
1194 1642 1267 1708 ood.
1292 1645 1369 1712 BOD

246 1732 331 1799 huno
357 1733 462 1798 loeum
492 1734 577 1800 male
598 1734 751 1819 seriptum
780 1733 966 1818 praebeant.
1011 1734 1081 1800 Hue
1103 1735 1288 1806 ducendum
1310 1751 1369 1810 est:

374 1859 481 1919 nostro
504 1851 606 1918 offitio
629 1873 701 1919 non,
717 1852 877 1935 digressos
899 1870 979 1918 esse.
1022 1855 1102 1919 Ter.
1126 1856 1278 1925 Phormio
1301 1865 1367 1928 722.

246 1969 284 2034 In
306 1970 437 2036 Terenti
460 1991 535 2037 vero
557 1969 675 2037 fabulis
697 1971 749 2035 hie
771 1990 846 2036 usus
868 1970 968 2036 multo
991 1971 1091 2036 rarior
1113 1980 1177 2039 est:
1300 1991 1303 1994 ·

372 2101 450 2163 grex
472 2088 575 2147 motus
598 2081 708 2147 ioeost.
752 2080 830 2145 Pho.
854 2083 905 2146 32.

318 2177 347 2255 b)
369 2178 489 2244 saliunt
511 2197 529 2242 e
552 2197 640 2243 saxo.
686 2177 763 2243 Cato
787 2177 864 2260 orig.
889 2197 962 2260 pag.
986 2180 1026 2252 66
1050 2175 1113 2258 (ed.
1137 2178 1269 2254 Peteri).

370 2274 491 2340 auxilia
503 2295 523 2338 a
535 2295 586 2340 me
598 2281 769 2358 segregant
781 2286 998 2357 spernuntque
1013 2295 1057 2342 se.
1082 2277 1363 2360 Plautcapttli.

371 2378 405 2436 ut
421 2391 438 2436 e
453 2372 537 2438 leoto
553 2379 691 2454 nequeat
710 2391 850 2455 surgere.
884 2373 957 2438 Ter.
974 2371 1034 2438 Ad.
1052 2375 1123 2439 520.

197 2555 200 2562 Ἰ
242 2468 380 2534 Exstant
402 2470 502 2534 multa
524 2469 590 2534 alia
613 2471 771 2553 exempla.

320 2585 352 2660 2)
376 2582 483 2649 Verba
505 2603 575 2648 eum
598 2583 837 2667 praepositione
858 2583 1044 2666 composita.

266 2765 272 2772 .
312 2704 342 2778 α)
366 2702 518 2768 exterrita
539 2721 660 2768 somno.
705 2702 828 2792 Ennius
849 2719 926 2766 ann.
950 2699 1014 2766 37.ι

367 2817 450 2880 quae
478 2818 529 2864 me
554 2819 666 2865 somno
688 2800 835 2866 suscitet.
872 2796 1167 2880 Platanistes,
1199 2799 1255 2865 ubi
1279 2799 1363 2866 Brixi

239 2895 421 2961 oonieutura
443 2895 530 2961 haud
552 2897 734 2964 verisimilis
756 2903 815 2976 est,
838 2895 965 2962 tametsi
987 2895 1083 2960 Mero.
1110 2898 1169 2960 166
1193 2917 1238 2959 ex
1258 2918 1362 2962 somno
1476 2911 1477 2918 ’

239 2994 361 3055 excitet
380 2992 510 3074 legitur:
544 3013 607 3075 qua
630 2994 769 3060 diutione
791 3013 983 3076 quamquam
1006 2991 1117 3058 Oieere
1140 3013 1269 3078 semper
1291 3016 1363 3062 usus

238 3106 310 3154 esse
326 3087 449 3170 dieitur,
472 3095 580 3156 tamen
596 3091 676 3155 nihil
692 3091 732 3156 ad
757 3091 841 3157 huno
862 3091 966 3156 looum
987 3095 1120 3173 speetat,
1143 3109 1215 3185 oum
1232 3093 1361 3158 Plautus

237 3205 303 3261 non
331 3191 450 3250 eertam
479 3185 512 3250 in
542 3189 833 3271 praepositionibus
859 3186 1053 3254 adhibendis
1077 3187 1222 3270 regulam
1253 3210 1362 3274 sequa·

237 3289 298 3348 tur.
331 3284 442 3365 Aequo
458 3283 526 3350 iure
548 3284 658 3352 Livius
679 3287 786 3352 afferri
808 3284 919 3370 possit,
943 3285 996 3367 qui
1013 3284 1037 3367 Ι,
1055 3287 1084 3366 7,
1102 3287 1120 3347 6
1142 3306 1253 3350 somno
1275 3289 1359 3351 eaod-

182 3434 183 3441 ,
236 3389 306 3444 tore
328 3380 414 3446 dioit.
907 3455 910 3461 .

363 3481 485 3564 templo
507 3482 592 3549 hano
614 3483 782 3549 deduoitis.
815 3483 885 3546 Liv.
909 3482 1009 3549 Andr.
1036 3487 1084 3548 14.

363 3578 476 3660 exigor
497 3580 611 3662 patria.
645 3581 822 3648 Naoura

362 3695 462 3758 regno
484 3678 660 3760 expellunt.
694 3678 811 3743 Paouv.
837 3682 886 3742 10.

363 3771 438 3838 hine
460 3793 517 3839 vos
538 3793 674 3858 propere
696 3775 831 3840 stabulis
853 3773 1039 3840 amolimini.
1074 3775 1193 3841 Paeuv.
1220 3779 1268 3858 16,
1298 3795 1356 3859 quo

221 3867 305 3962 ‘loeo
328 3889 348 3933 a
371 3869 568 3937 Bueehelero
594 3877 627 3936 et
648 3871 826 3938 Ribbeokio
850 3893 992 3956 propera
1021 3893 1040 3934 a
1070 3872 1152 3948 (sive
1173 3875 1203 3948 a)
1230 3872 1356 3936 stabulai

237 3963 393 4029 scribitur.
