2968 4866
229 425 292 488 346
744 423 835 492 Spiess

227 603 271 670 ad
286 599 543 686 conjugationem
554 598 588 662 in
601 619 646 662 εω
662 597 865 676 transierunt,
879 598 914 661 ut
929 593 1015 677 apud
1026 594 1216 662 Alcmanem
1233 587 1351 678 ὁρέων

227 703 264 767 ir.
281 705 331 767 87.
367 701 520 765 Attamen
543 715 640 760 unum
663 695 758 777 hujus
779 693 964 758 mutationis
986 695 1169 777 exemplum
1190 694 1352 762 invenisse

120 829 125 848 1
227 799 288 865 sibi
304 799 391 864 visus
407 802 456 864 est
467 796 603 872 Ahrens,
627 812 697 858 cnm
712 791 746 856 in
761 811 887 874 papyro
903 793 931 856 3.
949 793 967 853 5
983 790 1066 856 inter
1081 791 1243 858 vocabula
1258 792 1353 860 valde
1473 821 1474 824 ¹

227 897 397 962 obliterata
412 894 564 976 scriptum
580 910 651 957 esse
665 897 756 974 putet
777 886 932 966 ἔνθοῖσα,
956 887 1041 971 quod
1056 888 1174 956 Blasrii
1190 911 1279 957 nova
1293 893 1354 958 col·

227 994 304 1059 latio
320 993 493 1072 confirmat,
510 990 563 1074 qui
578 988 712 1053 adnotat
727 987 807 1052 Mus.
822 987 924 1052 Rhen.
940 986 1036 1051 XXV
1051 1008 1083 1070 p.
1104 983 1165 1053 193
1178 988 1276 1055 facile
1298 1011 1352 1073 pro

188 1075 190 1082 ⁵
227 1113 281 1158 εα
297 1091 360 1174 legi
382 1109 478 1174 posse
500 1087 620 1169 (Bergk
637 1083 803 1159 socca).
834 1086 939 1167 Atque
960 1085 1041 1151 haec
1056 1086 1196 1169 suspicio
1219 1094 1354 1171 augetur

225 1189 383 1271 scriptura
410 1187 529 1254 codicis
556 1185 592 1249 ir.
617 1187 672 1262 58,
701 1183 755 1248 ubi
780 1180 933 1247 ἔνθεον
954 1182 1065 1265 Bergk
1093 1191 1273 1267 praecunte
1296 1187 1354 1251 Lo·
1474 1269 1475 1274 ἵ

226 1287 341 1352 beckio
364 1284 599 1368 simplicissime
622 1282 653 1347 in
679 1275 805 1344 ἀνθέον
827 1279 970 1345 mutavit.
1016 1280 1081 1346 Sed
1105 1281 1271 1364 utriusque
1292 1282 1353 1348 loci
1474 1295 1475 1308 ¹

226 1403 266 1450 ea
288 1390 337 1450 est
358 1381 512 1463 condicio,
536 1387 571 1445 ut
592 1399 633 1445 ex
655 1380 695 1444 iis
716 1378 798 1443 nibil
821 1381 899 1444 certi
920 1377 1030 1461 colligi
1052 1379 1162 1461 possit.
1207 1379 1351 1460 Accedit,

225 1481 311 1564 quod
340 1477 485 1546 ἐνθοῑσα
514 1479 610 1543 etiam
640 1476 723 1542 alias
751 1475 850 1542 habet
872 1475 1090 1559 difficultates,
1119 1497 1178 1560 pro
1206 1497 1271 1559 quo
1301 1475 1352 1543 ir·
1474 1533 1475 1536 ,

225 1583 353 1644 θέοισα
380 1577 434 1643 vel
463 1573 608 1642 ἐνθεῖσα
636 1574 688 1640 vel
719 1572 911 1638 Laconicam
940 1573 1075 1638 formam
1106 1571 1267 1640 dvdtwcc
1301 1594 1352 1642 ex·

225 1684 361 1760 spectas,
385 1681 417 1740 et
438 1672 511 1740 aliis
533 1673 612 1738 locis
635 1692 705 1738 cum
722 1673 908 1754 elegantur
931 1666 1068 1748 ἄνθος
1091 1675 1142 1752 26,
1167 1667 1280 1759 ἄνθη
1301 1676 1349 1754 38,

225 1771 384 1849 ἄνθεος
410 1775 479 1836 117.
524 1770 558 1836 Si
586 1789 662 1836 vero
693 1770 763 1852 quis
793 1768 843 1833 his
870 1769 966 1834 rebus
994 1769 1148 1852 majorem
1171 1770 1238 1834 vim
1265 1769 1351 1836 attri-
1475 1815 1476 1834 t

225 1872 311 1952 buat,
334 1870 440 1935 minus
455 1875 541 1935 recte
556 1888 597 1934 ex
612 1866 744 1933 Aeolica
760 1866 898 1932 dialecto
920 1872 1010 1949 petat
1029 1868 1113 1933 banc
1128 1868 1350 1949 mutationem,

223 1969 299 2035 licet
320 1970 354 2032 in
377 1987 417 2034 ea
437 1966 578 2032 crebrius
602 1988 617 2031 ε
640 1985 698 2048 pro
721 1987 742 2026 α
765 1964 871 2046 posita
896 1964 953 2045 sit,
983 1983 1054 2029 cum
1083 1966 1190 2048 potius
1220 1967 1273 2032 hic
1296 1963 1351 2031 ὄν-

223 2070 330 2132 θεισα
352 2070 563 2148 exspectetur,
589 2082 684 2145 quam
707 2080 725 2126 e
749 2061 917 2127 Laconica.
1082 2060 1086 2068 '

310 2187 325 2229 ε
349 2183 447 2246 pro-o
469 2161 502 2226 in
525 2160 656 2225 vocibus
686 2158 879 2242 quibusdam
908 2159 1064 2241 reperitur
1093 2167 1125 2226 et
1153 2181 1192 2228 ea
1214 2165 1349 2229 mutatio
1475 2199 1476 2212 ν

224 2262 341 2326 Dorica
369 2265 500 2323 vocatur
525 2257 574 2322 Et.
602 2255 684 2322 Gud.
708 2259 780 2320 457.
805 2261 833 2319 4.
881 2257 930 2320 Ex
953 2257 1108 2324 Alcmene
1137 2259 1271 2326 affertur
1300 2263 1349 2326 Et.

224 2359 266 2424 M.
290 2360 362 2421 228.
386 2359 426 2420 35
448 2353 629 2440 γεργύρα
651 2355 688 2420 ir.
708 2358 777 2419 132.
814 2353 973 2436 Apollinis
995 2375 1112 2421 nomen
1135 2357 1224 2440 apud
1249 2361 1349 2426 Dorcs

224 2455 414 2522 e‘habuisse
436 2453 639 2519 Herodianus
661 2452 748 2535 apud
770 2453 917 2517 Eustath.
943 2455 1012 2517 183.
1037 2457 1055 2516 5
1084 2459 1220 2520 testatur
1242 2463 1275 2522 et
1298 2475 1351 2523 ex·
1476 2501 1477 2530 ,

223 2558 270 2618 tat
292 2553 372 2618 haec
393 2552 496 2618 forma
517 2551 550 2616 in
573 2550 671 2615 variis
692 2549 953 2631 inscriptionibus
974 2551 1165 2634 transiitque
1188 2551 1232 2618 ad
1249 2553 1350 2620 Italos

222 2651 261 2716 cl.
291 2651 420 2717 Meister
449 2648 540 2715 Stud.
570 2648 616 2712 IV
643 2650 714 2712 371.
766 2647 879 2729 Itaque
910 2648 1092 2713 Laconibus
1120 2669 1247 2732 quoque
1278 2671 1350 2718 eam

222 2749 399 2814 vindicavit
420 2748 546 2814 Ahrens
569 2747 656 2814 etin
685 2745 818 2811 frustulo
841 2746 1000 2811 Laconico
1024 2748 1074 2824 (ir.
1098 2746 1253 2814 Coralisci
1276 2750 1352 2833 Epi·

222 2846 317 2930 lyaei)
346 2846 386 2912 de
415 2845 599 2928 conjectura
626 2831 741 2926 posuit.
786 2845 908 2908 Tamen
937 2863 1002 2908 non
1035 2845 1207 2911 universae
1237 2847 1350 2912 Doridi

221 2943 352 3027 propria
374 2944 415 3007 sit
436 2950 468 3007 et
490 2942 587 3007 valde
610 2941 740 3006 dubium
764 2947 821 3021 cst,
844 2961 919 3004 num
936 2941 1115 3008 Laconicae
1136 2944 1206 3026 ejus
1229 2945 1351 3029 speciei

221 3039 361 3105 tribuere
373 3039 556 3120 debeamus,
569 3049 760 3121 quamquam
774 3039 806 3102 in
819 3039 937 3104 tabulis
949 3034 1351 3121 Heracleensibus'Anel-

222 3137 318 3212 λαῑος
346 3136 469 3218 legitur.
515 3137 552 3201 ln
580 3137 788 3219 inscriptione
810 3136 992 3202 Plataeensi
1021 3138 1120 3220 plane
1146 3143 1351 3221 cognoscitur

222 3231 424 3295 ΑΠΟΛΟΝΙ
448 3234 482 3298 in
505 3233 714 3315 hexametris,
743 3235 797 3316 qui
819 3234 1000 3300 nominibus
1022 3235 1147 3300 urbium
1170 3236 1348 3303 victricium
1443 3271 1462 3318 ρ

221 3331 427 3415 superscripti
449 3339 531 3396 sunt.
576 3331 807 3411 Quamobrem,
836 3351 920 3414 quae
942 3330 1029 3416 apud
1051 3341 1194 3398 nostrum
1217 3341 1347 3419 poetam

221 3431 370 3514 leguntur
390 3425 650 3505 Ἀπόλλωνος
671 3429 709 3494 ir.
733 3432 783 3511 73,
805 3425 979 3494 Ἀπόλλων
1001 3429 1038 3495 ir.
1063 3434 1102 3496 83
1125 3432 1181 3494 vix
1203 3451 1225 3496 a
1248 3433 1347 3498 Laco-

221 3529 293 3594 nica
309 3527 446 3593 dialecto
462 3528 571 3593 aliena
585 3533 667 3593 sunt.
691 3563 733 3573 -
755 3528 830 3592 Alia
845 3527 927 3593 ratio
943 3536 991 3593 est
1006 3529 1164 3611 participii
1188 3535 1347 3616 παρέν-

221 3649 299 3690 των
322 3646 380 3708 pro
403 3623 580 3710 παρόντων
602 3625 639 3692 fr.
664 3629 713 3691 64.

148 3707 153 3722 ’
306 3723 344 3787 Ιν
360 3722 482 3788 minore
497 3731 588 3805 parte
604 3722 755 3804 locorum,
772 3723 823 3806 qui
836 3747 855 3808 η
868 3723 901 3788 ἰν
914 3722 1070 3788 communi
1087 3723 1198 3804 lingua
1214 3723 1344 3806 babent,

222 3820 301 3888 haec
312 3821 433 3886 vocalis
445 3821 592 3886 omnibus
604 3819 750 3887 dialectis
766 3821 897 3904 propria
910 3827 967 3887 est.
992 3819 1159 3902 Cognitum
1176 3820 1344 3902 habemus,

222 3936 304 3999 quae
325 3917 566 3983 terminationes
589 3924 620 3982 et
642 3938 725 4000 quae
746 3919 862 4002 stirpes
884 3920 973 3984 illam
997 3942 1016 4003 η
1040 3917 1216 4000 antiquitus
1239 3939 1344 3985 serva·

221 4012 340 4093 verint,
362 4031 423 4078 nec
440 4015 535 4097 juvat
558 4034 755 4098 enumerare,
779 4035 862 4097 quae
879 4015 1037 4098 ejusmodi
1052 4015 1141 4099 opud
1156 4016 1343 4082 Alcmancm
