2986 4864
232 431 298 497 378
749 428 842 498 Spiess

233 610 413 692 ἔδμεναι
440 607 477 674 fr.
504 613 574 679 100.
620 607 669 670 De
695 602 837 690 χρύσεον
859 604 897 671 ir.
921 609 980 688 343
1012 604 1110 691 δουρὶ
1132 607 1170 674 fr.
1195 613 1254 694 683
1283 609 1361 695 γού-

235 708 377 774 ravair.
401 710 441 772 30
463 712 577 790 postea
600 703 770 770 dicendum
793 709 856 786 est,
886 703 1047 786 quianon
1070 705 1177 774 miuus
1200 729 1297 791 quam
1321 709 1360 777 de

233 805 420 889 vulgaribus
449 804 558 870 lormis
587 802 724 886 suspicio
754 801 860 884 oritur,
891 802 951 867 bas
974 821 992 868 θ
1015 803 1181 872 Laconicis
1209 807 1361 874 formica

234 904 374 982 librariis
397 907 561 985 corruptas
585 919 665 968 esse.

319 1002 422 1084 llplca
443 998 599 1065 dialectus
623 998 746 1064 duabus
764 997 859 1063 rebus
881 996 1017 1080 insignis
1040 1005 1102 1083 est;
1126 1021 1202 1067 nam
1226 1021 1300 1082 oum
1322 1005 1361 1070 ab

234 1100 365 1166 Ionibus
388 1098 516 1164 exculta
537 1096 587 1179 sit,
611 1096 645 1161 in
668 1095 828 1180 plerisque
846 1094 973 1178 quidem
994 1115 1065 1162 cum
1089 1099 1269 1180 posteriore
1284 1100 1362 1168 Iade

233 1197 389 1279 congruit,
412 1193 470 1261 sed
484 1194 564 1260 fines
580 1193 675 1277 hujus
691 1193 818 1258 dialecti
835 1191 1005 1275 egreditur,
1027 1193 1102 1275 quia
1117 1195 1363 1279 antiquissimae

112 1291 118 1312 '
234 1302 267 1362 et
303 1293 467 1359 obsoletae
497 1291 618 1357 formae
646 1290 875 1357 recentioribus
904 1290 1068 1356 admixtae
1102 1301 1208 1375 eraut,
1248 1297 1362 1378 quibus

234 1392 428 1458 Graecorum
457 1388 596 1472 cujusvis
623 1387 729 1470 gentis
757 1387 855 1452 animi
885 1387 999 1454 eodem
1027 1389 1095 1456 fere
1124 1392 1222 1457 modo
1256 1393 1362 1460 affecti

233 1495 317 1556 sunt.
363 1489 474 1570 Longe
506 1505 581 1552 vero
614 1486 706 1553 abest
735 1487 991 1552 Alcmauicorum
1025 1489 1202 1555 carminum
1236 1490 1362 1558 indoles

234 1588 276 1653 ab
300 1585 392 1669 eplca
414 1585 581 1667 gravitate,
604 1586 712 1667 itaque
728 1604 800 1650 raro
816 1585 881 1650 illis
896 1584 1006 1649 formis
1021 1585 1073 1650 vel
1089 1587 1172 1652 serio
1196 1585 1362 1670 (ἕδμέναι)

234 1686 286 1751 vel
316 1703 374 1768 per
401 1682 512 1767 jocum
540 1679 738 1764 (Ἀλκμάων)
766 1682 1003 1748 sollemniorem
1038 1682 1145 1749 reddit
1173 1686 1360 1753 orationem.

234 1784 390 1866 Ignorant
422 1785 528 1847 autem
559 1787 670 1848 nostra
697 1779 877 1862 fragmenta
904 1779 1083 1862 genitivum
1110 1781 1194 1864 sing.
1217 1784 1253 1848 in
1280 1809 1360 1864 -oao,

234 1881 316 1964 plur.
339 1881 372 1944 in
395 1903 491 1958 -αων,
514 1877 688 1945 infinitivus
703 1879 736 1943 in
754 1883 860 1959 -έμεν,
884 1874 1032 1963 -ήμθναι,
1057 1879 1228 1944 verborum
1243 1882 1361 1950 formas

234 1979 357 2045 solutas
387 1996 469 2062 quae
498 1975 646 2043 dicuntur
673 1982 706 2042 et
733 1975 901 2041 distractas
931 1975 1095 2057 multaque
1127 1977 1203 2042 alia.
1257 1983 1361 2065 Atque

235 2097 348 2160 parum
376 2076 541 2159 perspexit
569 2075 704 2141 Alcman
733 2073 908 2156 priscarum
938 2073 1111 2138 formarum
1140 2082 1307 2163 naturam,
1335 2080 1361 2145 si

235 2173 363 2256 quidem
388 2191 555 2256 perperam
578 2171 621 2237 ad
643 2171 770 2236 illarum
794 2170 976 2252 exemplum
999 2166 1172 2258 ὠρανίαφι
1194 2171 1279 2240 illud
1302 2177 1360 2242 sibi
1481 2195 1482 2200 ’

235 2271 341 2351 finxit,
365 2271 407 2335 de
428 2289 490 2353 quo
512 2287 609 2352 supra
631 2268 749 2332 dictum
772 2273 829 2333 est.
874 2267 1034 2351 Imprimis
1062 2275 1169 2335 autem
1192 2291 1235 2336 ex
1258 2275 1361 2358 epioo·
1481 2327 1482 2352 2

236 2387 304 2432 rum
328 2367 432 2433 studio
454 2367 488 2431 iu
511 2385 602 2432 usum
625 2386 716 2432 suum
735 2365 868 2431 contulit
890 2366 1053 2432 licentiam
1076 2367 1240 2451 quandam
1263 2373 1362 2454 poeti·

232 2485 314 2548 cam,
331 2485 395 2548 qua
405 2463 550 2549 syllabas
566 2464 679 2530 breves
690 2463 812 2530 vocalis
828 2462 1036 2546 productione
1051 2461 1114 2551 (dd,
1130 2465 1269 2534 fortasse
1281 2471 1361 2533 Πω-

232 2561 406 2650 λυόεύκης)
436 2563 489 2628 vel
511 2562 716 2629 consonantis
739 2561 957 2644 duplicatione
978 2562 1217 2644 (πολυμμελὲς)
1245 2565 1362 2651 longas

232 2662 315 2729 iecit.
361 2659 488 2727 Deinde
520 2659 683 2744 augmenti
717 2658 884 2724 omittendi
917 2660 1118 2744 facultatem,
1153 2681 1217 2744 qua
1250 2675 1361 2731 omnes
1481 2665 1482 2754 Ϊ

172 2837 173 2842 1
233 2765 352 2850 poetae
371 2779 392 2824 a
414 2778 509 2842 prosa
531 2758 676 2823 oratione
688 2756 860 2842 recedunt,
885 2775 924 2822 ex
937 2755 1033 2840 opica
1051 2758 1189 2828 dialecto
1211 2757 1361 2828 hausisse
1481 2793 1482 2802 θ

234 2857 369 2939 ridetur.
409 2856 523 2937 Neque
544 2854 748 2938 neglegenda
770 2861 819 2919 est
841 2855 1068 2921 vocabulorum
1089 2857 1182 2940 copia
1205 2877 1248 2923 ex
1270 2861 1361 2943 epica
1481 2861 1482 2954 ᾗ

233 2954 344 3035 lingua
372 2953 482 3036 petita.
527 2952 618 3032 Quae
639 2954 827 3036 plerumque
850 2953 1011 3019 Laconum
1035 2955 1166 3037 linguae
1188 2957 1290 3038 plane
1312 2977 1361 3023 ao-

233 3048 691 3134 commodavitlpcluydpvog)
713 3051 766 3115 vel
782 3057 867 3116 certe
883 3051 1042 3117 Laconica
1064 3052 1294 3122 terminatione
1316 3057 1360 3120 in-

235 3147 348 3213 struxit
370 3144 516 3226 (εἱμένα,
545 3143 761 3230 ἀμβροσίαν),
791 3168 862 3214 oum
884 3149 918 3213 in
947 3149 1046 3232 stirpe
1059 3151 1197 3233 (Ionicae
1218 3153 1360 3236 proprie·

234 3250 316 3309 tates
344 3242 542 3324 admitteret,
576 3264 647 3308 raro
680 3265 808 3329 prorsus
841 3245 1009 3311 immutata
1037 3248 1204 3330 reliquisse
1233 3249 1360 3316 videtur

233 3338 502 3426 quemadmodum
524 3342 558 3407 in
574 3342 673 3425 epicis
689 3342 882 3410 carminibus
904 3345 1095 3426 legebantur
1117 3348 1359 3433 (βωτιανείρῃ).

233 3565 325 3644 521.
372 3564 426 3627 De
455 3562 691 3644 vulgaribus
721 3564 859 3629 formis
889 3565 926 3628 in
953 3564 1074 3630 libris
1108 3567 1358 3634 extantibus.

320 3715 455 3797 Magnus
477 3722 526 3780 est
548 3735 655 3782 eorum
678 3719 903 3782 vocabulomm
927 3737 1086 3796 numerus,
1110 3734 1194 3799 quae
1216 3719 1360 3785 librario·

235 3833 305 3878 rum
326 3812 448 3877 incuria
469 3819 617 3897 corrupta
639 3834 710 3880 esse
731 3815 826 3880 facile
840 3815 957 3896 aliquis
972 3814 1125 3898 suspicari
1147 3822 1264 3898 potest,
1288 3837 1359 3883 cum

233 3927 339 3991 paene
360 3910 515 3974 absonum
538 3909 579 3976 sit
609 3932 648 3977 ea
678 3918 794 3996 poetae
823 3913 930 3977 varias
951 3913 1106 3978 dialectos
1135 3913 1284 3980 miscenti
1307 3917 1360 3980 tri-

234 4003 342 4070 buere.
386 4007 517 4088 Legitur
539 4033 555 4074 ε
578 4029 635 4092 pro
658 4009 816 4075 Laconico
832 4033 867 4075 a:
896 4003 1092 4094 Ἀρτέμιτθς
1114 4011 1151 4075 ir.
1171 4015 1242 4094 101,
1267 4011 1357 4098 ἱερὸν
