2968 4866
436 445 613 514 Quaesticnca
632 443 850 511 dialectclogicae
867 457 988 512 graecae.
1211 438 1272 500 265

230 623 262 685 2.
301 639 363 685 arc.
380 616 441 684 κάν
465 624 527 701 teg.
545 619 563 680 2
587 624 646 682 etc.
664 639 670 680 :
689 636 779 700 cypr.
795 621 832 681 κέ
855 615 902 682 Id.
922 620 970 680 10.

231 723 262 783 3.
300 737 362 783 arc.
379 714 495 792 ἐόντος
513 723 576 798 teg.
596 719 643 778 11.
666 710 884 799 Ξενοφάνεος
906 711 941 778 C.
957 713 982 777 Ι.
997 733 1044 796 gr.
1062 717 1161 780 1513:
1184 701 1272 798 cyrir.

304 813 396 880 ἰόντα
415 813 463 880 Id.
480 817 528 878 19.
552 810 701 896 αέρχνι]“α
724 809 818 877 lua.
839 815 885 878 19.
908 807 1033 896 fe'mja
1055 809 1103 876 Id.
1117 815 1168 876 26.
1192 808 1273 886 θιός

300 911 349 978 ld.
365 912 416 977 27.
439 907 628 994 naricujaa.

232 1016 264 1076 4.
302 1030 365 1077 ατο.
376 1006 530 1085 ἀποδόας
543 1005 651 1088 (isco)
666 1011 728 1090 teg.
745 1011 782 1073 13
800 1031 806 1072 :
823 1027 911 1093 cypr.
928 1003 1072 1072 ἐπέδυκε
1084 1009 1104 1084 ¹)
1120 1004 1169 1102 id.
1182 1007 1274 1071 biii.

303 1106 474 1192 dufdvccjc
488 1106 537 1172 Id.
550 1111 579 1171 6.
603 1125 691 1191 cypr.
703 1103 833 1190 γένοιτο
850 1130 858 1169 :
875 1124 938 1169 arc.
949 1103 1016 1168 —‘?
1038 1104 1117 1170 lesb.
1130 1101 1273 1187 γένοιτο.
1343 1115 1345 1120 ’

232 1211 263 1272 5.
301 1194 1273 1289 ατο.ἀναλώμασηθὲΑΒιογρ.όνόθηκοΧΙΙΙ,ΧΝοῐο.Α1π.

234 1308 264 1369 6.
303 1325 366 1370 arc.
390 1302 490 1379 πόλις
512 1308 574 1385 teg.
601 1304 666 1366 12.;
689 1321 778 1386 cypr.
801 1297 922 1376 πτόλις
943 1299 992 1365 Id.
1011 1305 1038 1364 1.
1072 1296 1171 1375 πόλις
1193 1298 1273 1364 anti-

304 1402 395 1484 quius
424 1419 494 1467 esse
524 1418 618 1482 quam
647 1395 766 1475 πτόλις
796 1397 890 1463 dccet
917 1396 1045 1464 Curtius
1068 1395 1180 1462 Graia.⁴
1203 1399 1275 1477 282,

302 1503 374 1564 453.
397 1498 436 1564 cf.
460 1497 500 1562 K.
517 1498 550 1562 Z.
570 1496 618 1562 lx
634 1499 706 1561 367.

187 1619 234 1684 ΙΙ.
274 1619 403 1702 cyprica
425 1615 582 1683 dialectus
603 1614 764 1697 antiquior
786 1621 843 1680 est.

241 1720 268 1781 1.
306 1735 395 1800 cypr.
419 1713 488 1780 ἕλει
518 1713 567 1780 16.
590 1716 619 1778 9.
656 1709 752 1777 ficet
774 1711 828 1775 bil.
854 1710 901 1776 ld.
925 1715 954 1775 2.
972 1710 1059 1776 VIII.
1097 1711 1190 1778 Aha:
1212 1732 1276 1777 arc.

303 1811 416 1900 πλήθι
437 1820 500 1896 teg.
516 1815 566 1876 20.

236 1914 266 1976 2.
304 1931 390 1996 cypr.
409 1906 557 1991 εὐχωλᾶς
579 1907 633 1972 bil.
651 1910 679 1972 3.
702 1911 763 1982 τᾶς
779 1902 925 1981 Ἀθάνας
947 1905 996 1970 Id.
1013 1909 1064 1970 20.
1086 1911 1147 1984 τᾶς
1169 1905 1277 1972 faeci-

306 2010 365 2089 ξας
386 2007 456 2073 XV.
481 2007 557 2073 Ahr.
581 2012 639 2073 cte.
658 2028 664 2069 :
680 2023 744 2069 arc.
761 2002 881 2084 ζαμίαν
905 2010 968 2086 teg.
985 2006 1034 2068 21.
1110 2059 1119 2070 .

237 2108 288 2173 Dc
303 2106 425 2189 origine
440 2104 659 2171 arcadicarum
674 2102 845 2167 formarum
859 2100 894 2166 in
912 2125 970 2164 -cu
987 2100 1160 2168 Leukienio
1183 2103 1277 2179 (dccl.
1308 2158 1310 2162 .
1340 2139 1343 2144 ·

146 2205 191 2270 im
217 2204 361 2270 slav.·lit.
383 2224 414 2267 u.
437 2222 538 2286 germ.
567 2222 598 2285 p.
622 2205 674 2278 40)
697 2200 870 2282 assentior,
898 2219 968 2265 cum
991 2200 1074 2265 tales
1097 2200 1214 2268 formae
1237 2221 1277 2268 ex

147 2302 304 2384 analogia
319 2301 411 2382 falec,
428 2319 511 2384 quae
527 2299 649 2380 dicitur,
668 2317 765 2364 masc.
781 2298 814 2362 in
829 2321 887 2361 -αυ
904 2297 955 2378 (cf.
971 2299 1008 2362 A.
1024 2299 1040 2364 I
1058 2301 1097 2377 1.)
1125 2299 1278 2366 formatas

149 2420 224 2467 esec
252 2399 386 2475 iudicet3
417 2419 491 2465 nam
518 2416 590 2463 cum
617 2396 652 2462 iu
674 2398 804 2482 cyprica
827 2394 969 2462 dialecto'
985 2395 1134 2479 vulgares
1156 2397 1277 2463 formae

151 2502 185 2564 in
209 2502 250 2574 ἇς
273 2497 657 2580 legantu1·(masc.-av)‚
681 2513 745 2558 non
769 2495 836 2560 veri
859 2482 963 2560 simila
985 2493 1063 2558 mihi
1085 2493 1222 2578 videtur,
1243 2496 1278 2561 in

151 2596 256 2679 primo
283 2595 342 2659 illc
371 2591 630 2678 arcade-cyprico
660 2611 808 2657 sermone
835 2598 1001 2674 utramque
1024 2590 1157 2655 formam
1179 2592 1213 2657 in
1236 2616 1277 2658 αν

152 2703 186 2758 et
208 2697 250 2769 ἇς
278 2683 419 2758 valuisse
447 2697 503 2757 aut
529 2691 614 2755 intra
641 2689 741 2772 ipsius
770 2688 938 2754 arcadicac
961 2687 1088 2753 dialecti
1111 2688 1190 2755 fines
1212 2711 1279 2755 mu·

152 2792 309 2861 tationem
337 2790 444 2869 illam,
475 2807 569 2871 quam
599 2787 700 2853 voluit
724 2785 852 2852 Curtius
881 2785 995 2864 (Jahus
1017 2785 1107 2852 Jarb.
1130 2789 1180 2852 83.
1204 2792 1278 2864 592)

152 2886 364 2971 *Zacca-joc,
387 2884 563 2968 *ζαμια-ο,
587 2884 708 2967 ζαμίαν
732 2903 803 2950 esse
824 2883 950 2949 iactam.

241 2975 270 3050 3.
296 3005 396 3070 cypr.
408 2988 537 3061 Ὲοῑκος,
552 2979 672 3060 ἱέντος,
687 2979 798 3068 fariza
812 3004 818 3046 :
831 3000 894 3046 arc.
907 2979 1000 3066 ἐ’ργοι
1022 2987 1083 3064 teg.
1097 2985 1126 3046 3.
1150 2982 1280 3066 Digam-

308 3082 404 3147 matis
427 3080 596 3164 vestigium
619 3079 706 3163 apud
729 3079 871 3146 Arcades
896 3080 1012 3164 iegitur
1032 3080 1066 3145 in
1089 3079 1279 3162 faccruoxo

309 3179 343 3246 C.
368 3181 392 3245 Ι.
415 3199 462 3262 gr.
488 3181 578 3243 1520.
1164 3169 1168 3178 '

182 3299 242 3364 ΙΙΙ.
280 3298 416 3382 Saepius
432 3297 587 3404 uindicari
610 3315 674 3360 non
696 3302 811 3379 potest,
835 3303 906 3361 utra
922 3295 1077 3362 dialectus
1100 3295 1281 3378 antiquiora
1372 3319 1377 3328 ·

155 3395 343 3462 servaverit.

246 3498 272 3558 1.
310 3511 373 3580 arc.
393 3488 527 3570 νειέτω,
550 3489 694 3557 νεισάνω
717 3527 758 3536 -
781 3510 878 3574 cypr.
892 3493 1007 3554 πείσει
1036 3487 1083 3554 Id.
1103 3491 1150 3552 12.
1175 3507 1182 3548 :
1206 3493 1280 3578 scri.

312 3587 400 3669 Νι·
420 3586 588 3674 ο1.νιοινή.
626 3589 717 3654 Fick.
733 3586 943 3672 Spracheinh.
961 3607 992 3669 p.
1009 3588 1060 3651 81.

244 3691 273 3752 2.
310 3707 373 3752 arc.
389 3687 446 3752 καὶ
464 3710 471 3752 :
487 3707 574 3771 cypr.
590 3684 652 3763 κάς
675 3685 721 3750 ld.
738 3690 766 3767 3,
791 3692 819 3768 5,
844 3691 872 3750 7.
897 3684 949 3763 (K.
973 3683 1007 3748 Z.
1031 3683 1079 3748 IX
1103 3683 1186 3759 369).

245 3789 274 3851 3.
311 3803 375 3850 arc.
392 3782 424 3850 εἰ
439 3807 447 3849 :
463 3804 551 3869 cypr.
568 3779 586 3869 ἠ
613 3781 644 3868 (ἦ
669 3781 706 3848 κέ
732 3805 786 3860 αις
808 3783 856 3848 Id.
875 3786 934 3859 10).

229 3967 249 4029 ¹)
271 3963 389 4020 fortasse
418 3963 527 4034 cypriae
549 3962 606 4017 rad.
626 3963 658 4014 δυ
683 3961 869 4030 coniungenda
891 3963 933 4015 est
955 3975 1016 4014 cum
1038 3959 1199 4014 sanseritice
1222 3947 1278 4013 rari.

159 4046 196 4100 da
213 4045 242 4099 in
260 4044 346 4100 dacae
364 4045 472 4110 donum,
490 4044 527 4099 dci
544 4042 563 4096 1.
582 4042 690 4098 donum.
