2968 4866
435 425 612 495 Quaestiones
630 427 851 498 dialectologioae
867 445 989 502 graecae.
1213 430 1275 493 309

140 577 143 582 ’
232 596 327 678 Quot
350 617 422 664 oum
444 598 491 666 ua
512 599 564 686 su,
586 620 628 669 ne
649 601 711 668 uae
733 599 863 686 queem
885 602 919 669 u
941 623 976 670 rs
998 602 1120 686 orosto,
1143 604 1218 689 qun
1241 606 1275 673 u

145 696 276 782 prim‘o
298 696 375 763 illo
397 695 644 766 Graecorum
665 718 813 768 sermone
835 700 869 768 in
891 707 994 785 opto
1015 720 1074 784 pro
1093 726 1113 789 η
1136 721 1276 785 pronun·
1320 735 1322 740 ·

143 796 261 860 tiatum
283 792 336 861 sit.
354 795 356 798 ’
371 795 411 860 ef.

274 934 497 1022 grauabatur
584 945 657 1005 sort.
677 940 760 1024 ojrim
825 941 927 1007 umbr.
950 942 1147 1005 noerio-ibor

321 1083 335 1113 ‚,
400 1032 495 1111 ἐσιᾶς
614 1083 627 1114 ,,
676 1036 743 1121 sjts
871 1087 885 1117 ,‚
950 1039 1120 1102 noerio-‘iris

321 1181 334 1212 ,,
399 1130 477 1198 tore
613 1180 627 1210 „
677 1133 741 1218 offic
872 1183 885 1214 ,,
950 1135 1135 1199 uredo-ier

320 1279 356 1309 „a
398 1227 515 1295 ἐσιαντ
614 1279 627 1308 ,,
677 1231 746 1316 ⁸ojus
873 1281 886 1310 ,‚
952 1234 1152 1298 noerio-iube.

230 1382 355 1464 Quibus
383 1382 481 1467 igitur
508 1380 550 1449 de
577 1382 682 1450 eausis
704 1382 792 1468 apud
815 1384 957 1453 Graecos
978 1385 1012 1450 in
1034 1384 1187 1469 optativis
1209 1386 1275 1455 illis

143 1481 220 1547 bin
250 1505 271 1568 η
301 1486 457 1547 mutatum
485 1498 557 1548 esse
584 1478 731 1548 iudicas?
775 1483 881 1566 Atque
909 1482 987 1548 mihi
1015 1482 1077 1549 hoo
1104 1484 1274 1566 probabile

141 1579 281 1646 videtur.

228 1676 373 1742 Primum
388 1675 473 1741 euim
495 1675 753 1741 ooniunotivi
775 1677 1027 1760 eomparatio
1043 1677 1086 1742 ad
1101 1701 1121 1759 q
1137 1676 1274 1746 elfioien·

142 1772 219 1839 dum
241 1771 378 1840 alieuius
399 1772 552 1838 momenti
574 1772 673 1840 fuisse
694 1769 837 1856 videtur;
858 1773 945 1855 quod
967 1792 1005 1840 eo
1028 1773 1134 1839 minus
1156 1774 1273 1859 aliquis

141 1870 320 1952 mirabitur,
354 1869 381 1934 si
410 1889 520 1934 verum
550 1875 610 1936 est.
629 1869 808 1953 optativum
837 1869 951 1936 intima
979 1870 1171 1951 cognatione
1200 1890 1272 1938 eum

141 1967 338 2057 ooniunotiri
358 1966 549 2033 formatione
571 1967 743 2034 eohaerere
765 1965 816 2043 (of.
840 1965 967 2034 Curtius
989 1967 1082 2035 uerb.¹
1102 1968 1135 2034 ll
1159 1972 1220 2048 80).

228 2063 357 2132 Deinde
385 2084 462 2131 vero
491 2064 561 2130 siue
589 2064 687 2131 dubio
714 2069 839 2131 mature
860 2064 894 2130 iu
918 2067 970 2133 ΙΙΙ
991 2085 1074 2151 pers.
1097 2066 1142 2150 pl.
1164 2067 1272 2136 brevis

140 2165 266 2240 vocalis
287 2185 309 2226 α
330 2162 365 2226 in
384 2179 403 2226 ‘e
426 2166 550 2227 mutata
564 2169 629 2228 est:
653 2156 726 2228 elon
742 2186 749 2228 ε
767 2154 846 2241 elev,
870 2164 957 2231 uude
979 2162 1112 2230 mutatio
1134 2162 1178 2230 ad
1199 2166 1272 2233 reli-

67 2289 72 2298 *
141 2280 222 2343 quas
259 2279 415 2345 personas
450 2258 582 2342 longam
613 2259 760 2327 vooalom
796 2261 989 2344 praebentes
1018 2268 1170 2346 proveeta
1200 2282 1272 2332 esse

139 2358 299 2426 sumenda
327 2364 385 2425 eet.
429 2356 557 2423 Dixerit
584 2356 742 2441 quispiam
773 2358 887 2423 mirum
917 2357 1021 2425 videri
1043 2379 1141 2424 uuam
1163 2380 1271 2445 perso·
1342 2410 1344 2414 -

139 2477 217 2523 num
240 2456 290 2522 III
305 2455 350 2540 pl.
366 2453 409 2520 ad
431 2460 478 2521 tot
498 2453 639 2537 reliquas
660 2454 833 2522 mutandas
854 2461 978 2520 mutam
1000 2456 1066 2520 vim
1089 2458 1271 2527 exerouisse

139 2562 172 2622 et
193 2552 336 2638 profeoto
358 2553 430 2638 ipse
450 2552 559 2636 aliquo
582 2552 678 2619 modo
699 2553 761 2618 hae
782 2553 816 2618 in
831 2572 866 2619 re
887 2551 1015 2620 haereo.
1045 2552 1152 2634 Quare
1167 2556 1269 2641 suepi-
1302 2589 1305 2598 ν

139 2651 266 2718 oionem
288 2650 429 2733 aliquam
452 2650 651 2734 supprimere
672 2651 758 2715 nolo.

225 2749 262 2816 Si
290 2747 376 2816 enim
412 2766 522 2818 verum
559 2752 609 2813 est
644 2746 805 2833 syllabam
829 2745 888 2830 jo,
926 2769 962 2810 ια
997 2747 1174 2830 optativum
1208 2749 1270 2815 for-

138 2853 283 2914 mantem
317 2843 454 2912 eaudem
489 2863 561 2911 esee
595 2852 692 2929 atque
725 2864 813 2927 eam,
849 2845 995 2927 quaein
1024 2863 1145 2910 sansor.
1172 2844 1268 2929 pomi,

137 2963 194 3028 gr„
208 2941 286 3030 ἰἠμι
314 2941 442 3021 „vado“
470 2942 672 3027 eonspieitur,
702 2939 821 3010 deiude
843 2941 870 3008 si
893 2949 926 3008 et
946 2947 1074 3026 speotas
1096 2948 1129 3009 et
1149 2944 1269 3027 probas

138 3060 222 3125 quae
244 3043 265 3122 ξ
286 3044 322 3104 11
347 3039 389 3106 de
403 3039 666 3123 iudogermanioa
687 3039 801 3106 horum
818 3039 989 3106 verborum
1003 3037 1122 3106 rodinis
1144 3042 1269 3124 quanti·
1305 3099 1307 3102 .

138 3144 206 3205 tate
220 3142 299 3204 ante
312 3157 389 3211 mos,
411 3161 473 3220 μες
489 3143 548 3204 ete.
564 3139 745 3204 monuimus
766 3142 851 3215 (sort.
867 3137 1057 3217 hbe-mttob’),
1080 3157 1127 3220 gr.
1144 3143 1266 3223 φαμές,
1286 3196 1291 3206 .

137 3236 205 3303 ind.
230 3234 419 3316 lbi-rauel),
442 3242 544 3318 uerte,
568 3254 672 3320 spero,
695 3235 828 3301 nonita
849 3233 1024 3302 absurdum
1046 3233 1217 3320 videbitur,
1239 3238 1268 3304 si

139 3334 210 3418 quis
232 3330 404 3400 oonieeerit
428 3333 590 3400 breviores
611 3331 687 3399 illas
708 3331 843 3416 optativi
870 3334 990 3399 formas
1017 3325 1135 3412 (εἶμεν,
1159 3331 1268 3398 διδοῖ-

137 3455 210 3513 μεν,
232 3433 401 3511 τιθεῖμεν,
424 3427 544 3518 ἀφεῖτε
561 3436 643 3512 eto),
667 3449 747 3513 ques
768 3429 855 3496 solas
869 3428 903 3493 in
919 3428 1099 3511 antiquiore
1120 3448 1268 3497 sermone

137 3529 260 3596 vixisse
281 3527 321 3595 G.
336 3525 462 3594 Curtius
484 3529 584 3603 (verb.
606 3528 638 3594 11
662 3530 714 3605 84)
737 3524 965 3610 comprobarit,
989 3523 1096 3608 potius
1118 3543 1159 3590 ex
1181 3523 1266 3592 *ἐσ-

137 3649 250 3708 ιε-μεν
266 3626 304 3691 oi.
320 3623 442 3708 ἳε-μεν,
464 3623 697 3707 *bebere-pso
720 3624 759 3691 ei.
779 3619 892 3709 φᾶμέν
908 3627 968 3688 eto.
986 3640 1083 3705 quam
1098 3639 1140 3688 ex
1153 3619 1266 3710 ἐσ-ιη-

137 3748 210 3807 μεν,
234 3722 445 3810 ‹troops-pov
468 3743 540 3792 esse
561 3729 751 3789 eontraetus.
781 3719 866 3800 Quid
881 3717 991 3786 enim?
1013 3718 1051 3801 si,
1074 3717 1159 3801 quod
1176 3719 1265 3802 apud

138 3822 282 3900 Graeoos
302 3821 421 3888 laetum
444 3839 516 3888 esse
538 3826 662 3887 constat
682 3819 734 3898 (ot
757 3817 884 3884 Curtius
904 3817 937 3881 ΙΙ
960 3818 1023 3896 85),
1046 3821 1082 3881 ut
1102 3816 1266 3900 pleniores

136 3919 260 3985 formae
283 3915 408 4005 εἴημεν,
440 3916 616 4005 διδοίημεν
639 3938 697 4002 pro
724 3911 828 3998 εἶμεν,
860 3912 1013 3995 inbolare
1036 3917 1096 3980 eto.
1119 3932 1159 3980 ex
1181 3913 1263 3998 sing.

43 4047 51 4060 a
136 4015 291 4099 analogia
310 4015 533 4098 formarentur,
555 4014 642 4083 idem
664 4015 698 4082 in
720 4013 908 4082 sanseritiee
927 4012 1041 4096 lingue
1060 4010 1199 4080 uoeidit?
