2968 4866
231 452 294 513 340
520 533 522 538 Ι
748 454 839 524 Spiess

232 627 309 709 quin
338 625 391 692 vel
419 632 581 693 auctorem
610 646 701 692 snum
729 645 793 691 non
817 632 903 692 recte
925 622 1121 690 intellexerit
1148 623 1201 690 vel
1231 629 1359 708 propter

233 725 333 790 solius
355 723 508 807 digammi
530 743 621 789 usum
638 724 826 790 Alcmauem
841 723 874 788 in
890 721 1025 788 Aeolum
1048 739 1180 786 numero
1203 721 1358 788 habuerit.

318 821 407 887 Haec
436 820 556 887 diserta
583 828 727 887 veterum
756 818 1033 905 grammaticorum
1065 818 1251 885 testimonia
1281 839 1360 885 com·

232 917 361 1002 probari
383 919 507 985 ratione
529 926 733 1000 accentuum,
762 938 842 1002 quos
863 917 1094 1001 appinxerunt,
1124 915 1290 1000 conjicere
1311 915 1360 982 de·

162 1018 166 1029 '
233 1015 346 1082 bemus
367 1023 465 1099 atque
486 1035 521 1081 re
542 1035 621 1082 vera
643 1016 806 1083 luculenta
828 1013 924 1098 hujus
952 1015 998 1082 rei
1021 1014 1158 1097 vestigia
1180 1014 1215 1080 in
1238 1034 1360 1100 papyro

139 1148 144 1153 -
233 1131 391 1196 apparere
412 1112 495 1179 infra
517 1113 707 1180 videbimus.

465 1352 538 1430 §b
583 1345 1124 1434 Dadialeotouaoonica10).

319 1484 477 1550 Laconica
500 1485 664 1567 dialectos,
688 1485 858 1553 severioris
880 1504 964 1566 quae
986 1484 1102 1550 dicitnr
1124 1482 1258 1550 Doridis
1280 1484 1361 1568 prin·

234 1599 321 1664 ceps,
345 1595 439 1663 quam
463 1589 498 1648 at
518 1583 588 1667 ipse
610 1590 706 1667 poeta
727 1583 760 1647 in
783 1581 934 1664 fingenda
957 1581 1106 1660 dialecto,
1136 1581 1182 1646 sic
1205 1600 1267 1647 nos
1290 1601 1362 1663 quo-

209 1697 296 1760 .que
317 1679 351 1742 in
374 1697 413 1744 ca
434 1680 662 1763 investiganda
684 1700 741 1763 pro
763 1679 973 1745 fundamento
995 1696 1117 1761 ponere
1140 1677 1308 1759 debemus,
1330 1679 1361 1744 in

233 1795 344 1842 earum
366 1796 499 1844 numero
522 1785 584 1859 est,
615 1795 711 1859 quas,
740 1795 811 1841 cum
833 1776 939 1842 fontes
961 1775 1091 1859 paululo
1115 1775 1283 1841 uberiores
1310 1794 1361 1840 ex·

232 1880 316 1956 tent,
345 1875 448 1958 magis
479 1875 624 1958 cognitas
653 1874 818 1940 habemus.
862 1875 967 1956 Atque
989 1892 1029 1939 ea
1056 1879 1123 1937 tam
1152 1873 1259 1938 multa
1286 1872 1361 1937 idio·

233 1979 322 2036 mata
354 1973 512 2053 ostendit,
546 1981 581 2038 ut
612 1971 838 2037 nonnullarum
867 1991 987 2052 rerum,
1019 1989 1098 2052 quas
1123 1970 1231 2035 minus
1260 1977 1362 2036 certas

233 2088 305 2135 esse
324 2069 516 2150 procedente
531 2068 750 2154 disputatione
764 2069 944 2152 apparebit,
968 2067 1164 2132 accuratiore
1179 2068 1362 2150 cognitione

233 2163 359 2230 facilius
380 2184 490 2231 carere
518 2185 700 2249 possemus,
730 2165 792 2231 nisi
816 2164 947 2229 dubium
976 2171 1077 2246 esset,
1108 2184 1185 2228 num
1206 2165 1268 2230 illa
1294 2165 1309 2248 j

234 2259 400 2326 Alcmanis
422 2264 619 2346 temporibus
641 2262 674 2327 in
700 2261 847 2346 populari
870 2263 1031 2328 Laconum
1055 2261 1194 2327 dialecto
1216 2262 1360 2328 fuissent

234 2356 321 2424 Sane
344 2358 497 2442 temporis
519 2380 583 2425 non
606 2360 710 2426 minus
733 2359 813 2424 ratio
835 2359 988 2424 habenda
1003 2366 1052 2424 est
1070 2378 1164 2441 quam
1188 2359 1268 2441 looi;
1292 2360 1364 2424 Alc-

233 2473 309 2519 man
332 2475 419 2536 vero,
442 2476 536 2539 quem
552 2457 635 2523 inter
649 2457 833 2523 vicesimam
848 2457 1017 2539 septimam
1035 2464 1067 2521 et
1081 2456 1362 2538 quadragesimam

234 2552 453 2637 olympiadem
468 2553 611 2621 floruisse
627 2573 667 2618 ex
685 2560 829 2620 veterum
851 2553 1043 2638 testimoniis
1065 2554 1257 2636 colligimus,
1282 2554 1364 2618 snti-

233 2651 355 2732 quitate
383 2652 483 2716 multo
512 2651 643 2735 superat
672 2671 768 2735 puros
791 2651 970 2717 Laconicae
998 2650 1128 2716 dialecti
1155 2651 1279 2730 fontes,
1311 2651 1364 2733 qui
1479 2629 1480 2684 ἦ

233 2755 362 2829 praeter
384 2748 607 2832 Hesychiauas
629 2751 771 2832 glossas,
801 2749 989 2814 recentioris
1011 2749 1127 2815 aetatis
1149 2755 1267 2829 testes,
1298 2747 1365 2814 dia·
1478 2831 1479 2840 ἵ

233 2844 350 2910 lectum
366 2846 524 2928 praebent
538 2847 640 2929 quinti
656 2852 688 2912 et
708 2846 848 2912 ineuntis
866 2845 970 2928 quarti
986 2847 1116 2911 saeculi.
1147 2846 1263 2928 Itaque
1282 2864 1365 2928 quae

233 2960 275 3007 ex
297 2941 347 3007 his
369 2943 532 3006 Laconum
555 2944 687 3028 propria
708 2943 807 3010 luisse
830 2942 999 3024 discimus,
1028 2963 1104 3007 num
1135 2962 1175 3008 ea
1197 2943 1365 3008 Alcmanis

235 3037 418 3118 aequalium
441 3037 568 3120 luerint,
591 3061 657 3106 non
678 3059 782 3123 aeque
804 3047 891 3107 certo
913 3039 1040 3106 scimus.
1070 3039 1136 3106 Sed
1158 3040 1296 3108 velilla
1317 3040 1366 3106 in·

234 3133 373 3200 certiora
406 3153 478 3202 esse
509 3136 668 3219 videntur,
701 3158 777 3204 nam
805 3138 839 3204 in
873 3137 952 3221 ipsis
984 3137 1126 3218 fontibus
1160 3136 1365 3204 differentiae

234 3231 394 3315 quaedam
421 3233 667 3317 conspiciuntur,
697 3237 869 3320 praecipue
896 3236 980 3300 inter
1007 3233 1070 3298 duo
1092 3230 1202 3300 eorum
1233 3254 1364 3317 genera,
1477 3235 1478 3238 ’

234 3329 343 3396 titulos
366 3336 398 3396 et
420 3329 527 3412 libros,
551 3350 634 3414 quae
655 3331 698 3398 ad
721 3340 808 3398 certa
825 3331 984 3415 quaedam
1006 3332 1160 3415 temporis
1176 3331 1365 3398 discrimina

234 3428 345 3494 referri
368 3447 433 3493 non
455 3435 598 3512 possunt.
628 3430 728 3495 Tituli
737 3433 770 3506 ¹¹)
791 3428 855 3495 fide
870 3429 1014 3512 insignes
1036 3436 1110 3493 sunt
1132 3429 1255 3512 quippe
1278 3436 1365 3494 auto-

305 3646 336 3710 ¹⁰)
355 3645 395 3698 ef.
413 3645 520 3701 Ahrens
545 3646 579 3701 de
601 3647 717 3702 dialecto
736 3646 850 3714 Dorica,
873 3645 920 3713 qui
941 3645 1103 3700 lineamenta
1121 3645 1279 3701 Laconicae
1305 3648 1362 3702 dis·
1476 3667 1477 3687 ¹

232 3724 309 3820 lecti„
319 3724 488 3780 adumbravit
510 3743 537 3794 p.
556 3732 606 3781 415
624 3742 682 3796 sqq.
723 3725 855 3793 Krampe:
884 3726 918 3780 de
941 3725 1057 3781 dialecto
1081 3725 1227 3780 Laconica.
1266 3727 1364 3782 Mona»

232 3809 451 3952 8temsslffllf’sginci,
469 3886 542 3955 quod
559 3885 688 3953 dolemus,
706 3901 774 3956 quos
792 3886 959 3941 enumeravit
975 3886 1083 3942 Ahrcns
1101 3886 1119 3940 l.
1138 3887 1156 3940 l.
1175 3904 1203 3956 p.
1220 3892 1254 3942 8.·
1283 3887 1364 3943 Nunc

237 3964 386 4019 accedunt:
409 3965 503 4020 titulus
521 3966 668 4035 inscriptus
686 3967 714 4021 in
731 3967 838 4035 tripode
857 3973 920 4035 post
936 3966 1123 4022 Plataeensem
1140 3983 1261 4036 pugnarn
1279 3969 1363 4038 Apol·

231 4042 283 4096 lini
301 4042 438 4110 dedicato,
464 4060 543 4114 quem
560 4046 643 4100 edidit
661 4047 744 4102 Friclr
760 4047 789 4101 in
807 4046 902 4102 Jahn’s
919 4046 1014 4102 Jahrb.
1040 4046 1128 4118 suppl.
1148 4047 1191 4100 111
1212 4052 1292 4116 18573
1319 4048 1363 4103 in-
