2968 4866
459 407 501 462 De
519 407 655 462 Damania
672 413 768 477 poetae
786 407 909 463 dialecto.
1191 405 1251 466 345

127 601 254 648 manem
271 581 421 647 Doricam
437 580 692 648 terminationem
708 581 827 648 lerunt:
850 602 923 665 geu.
939 583 1020 666 sing.
1035 600 1132 648 masc.
1145 586 1181 644 Ν
1183 606 1253 664 αρ-

128 677 230 746 ούλα
246 679 282 744 in
297 679 476 763 fragmento
489 683 525 743 21
544 679 692 746 Alcmani
702 701 723 744 a
735 680 875 763 Bergkio
890 680 1063 764 assignato.
1085 699 1157 764 geu.
1170 681 1252 762 plur.

128 774 258 863 ἀκρᾶν
275 776 345 844 cod.
362 773 468 861 ἄκραν
483 776 520 841 lr.
533 779 590 861 25;
612 777 823 858 μελισσᾶν
837 779 906 845 cod.
922 779 1086 860 μελισοαν
1102 779 1137 844 fr.
1151 782 1201 845 60.
1218 783 1253 860 43

128 872 259 943 ἆδεᾶν
281 881 426 958 μωσᾶν
449 875 518 940 eod.
536 870 654 941 ἁδεῖαν
676 881 805 957 μοῦσαν
822 877 858 942 fr.
875 879 931 959 373
955 874 1131 961 ῥαδινᾶν
1155 876 1254 941 καλ-

127 982 200 1056 χᾶν
224 974 295 1041 cod.
320 971 458 1059 ῥαδινὰν
482 970 605 1054 καλχᾶν
627 974 663 1040 fr.
687 978 738 1040 39.
773 975 902 1042 Doridis
924 977 1029 1042 colore
1051 994 1164 1040 carens
1186 973 1255 1038 nul·

127 1075 194 1140 lum
211 1079 301 1140 extat
316 1072 509 1156 exemplum.
539 1070 667 1138 Deinde
685 1073 817 1139 nomina
837 1073 943 1158 priore
959 1080 1103 1159 tempore
1117 1072 1150 1136 in
1166 1094 1253 1150 -αων

129 1173 282 1240 exeuntia
311 1171 424 1237 eodem
452 1169 547 1235 modo
576 1171 816 1236 contrahuntur.
860 1171 956 1256 Apud
984 1178 1127 1238 nostrum
1152 1193 1254 1233 παι-

129 1276 208 1334 ᾶνα
231 1268 269 1333 lr.
292 1272 343 1350 24,
367 1287 449 1351 quae
471 1266 573 1332 forma
594 1287 615 1332 a
635 1268 775 1335 Doribus
796 1269 839 1335 ad
861 1269 943 1336 alios
966 1287 1092 1352 quoque
1113 1268 1255 1334 Graecos

129 1367 286 1448 manavit,
310 1385 328 1432 e
350 1364 511 1443 παιάονα,
533 1367 625 1449 epico
647 1363 807 1453 παιήονα,
831 1374 910 1433 orta.
951 1363 1130 1447 Ἀλκμάν
1153 1365 1189 1429 ir.
1217 1367 1254 1452 ,¹⁷

130 1485 172 1532 ex
200 1461 374 1546 Ἀλκμάων
409 1469 622 1545 contractum,
657 1483 741 1547 quae
775 1464 877 1530 formu
906 1466 1022 1549 legitur
1048 1465 1085 1529 fr.
1111 1468 1161 1528 71.
1214 1463 1255 1528 dt

129 1584 196 1630 non
218 1561 338 1645 ubique
361 1585 402 1626 αο
424 1561 458 1626 in
482 1585 503 1625 α
525 1562 645 1628 coaluit
673 1561 760 1645 apud
790 1564 910 1646 Dores;
940 1582 1140 1646 nequaquam
1170 1561 1256 1626 enim

129 1661 162 1726 in
179 1659 407 1743 conjugatione
422 1677 504 1741 quae
520 1659 634 1726 dicitur
651 1667 814 1725 contracta
836 1660 916 1726 haec
938 1661 1019 1724 ratio
1043 1661 1112 1726 sola
1133 1665 1256 1740 regnat,

130 1757 189 1826 sed
220 1764 323 1823 certos
354 1757 509 1840 quosdam
539 1755 618 1823 lines
650 1758 843 1823 constituere
875 1764 1004 1840 propter
1038 1756 1256 1840 exemplorum

129 1855 300 1941 penuriam
334 1875 399 1920 non
432 1875 611 1938 possumus.
656 1853 751 1921 Certe
778 1854 916 1920 Doricae
949 1854 1085 1921 dialecto
1117 1875 1182 1920 non
1210 1872 1257 1920 re

130 1958 293 2039 pugnant:
331 1945 412 2036 ὁρῶ
441 1972 516 2037 pap.
540 1956 568 2015 2.
593 1956 628 2033 ὃς
658 1958 761 2036 νικῷ
790 1948 926 2030 (vuarim)
956 1951 992 2016 ir.
1018 1955 1067 2017 89.
1111 1952 1191 2016 Item
1221 1950 1255 2015 in

129 2051 215 2118 crasi
237 2051 341 2116 Dores
368 2050 575 2114 acommuni
604 2051 727 2115 ratione
754 2069 819 2114 non
847 2048 1012 2116 discedere
1034 2050 1161 2114 Ahrens
1187 2068 1257 2132 pro·

130 2149 231 2216 bavit.
276 2149 376 2213 Extat
398 2167 495 2213 unum
519 2148 701 2230 exemplum
729 2145 816 2231 apud
838 2147 1027 2214 Alcmanern
1054 2143 1256 2228 χώπάραν

130 2247 151 2312 i.
177 2265 204 2312 e.
230 2245 286 2312 aci
310 2241 449 2328 ὀπώραν
479 2243 573 2309 codd.
593 2267 641 2329 χῳ
665 2267 735 2327 παρ
758 2268 809 2322 αν,
834 2268 882 2326 χω
906 2269 1018 2329 παραν
1047 2245 1169 2326 (Bergk
1192 2235 1258 2318 nui7

130 2342 265 2427 πώραν)
293 2341 331 2406 ir.
355 2346 405 2408 76.
450 2340 540 2421 Quae
567 2341 711 2407 codicum
739 2343 916 2427 scripturae
945 2363 1004 2409 uos
1030 2363 1068 2410 eo
1098 2340 1259 2408 adducere

131 2447 277 2528 possunt,
300 2448 336 2505 ut
349 2439 447 2504 aliam
463 2438 599 2505 Doricae
615 2439 666 2504 vel
684 2428 862 2507 Laconicae
878 2441 1007 2508 dialecti
1029 2441 1257 2525 proprietatem

131 2556 356 2621 agnoscamus,
380 2555 463 2618 quae
484 2536 615 2602 aliunde
638 2557 702 2602 non
723 2536 926 2603 confirmatur
941 2539 1097 2622 exemplis
1118 2573 1161 2584 -—
1183 2556 1257 2602 nam

132 2636 265 2702 diversa
294 2641 344 2700 est
370 2634 452 2698 ratio
480 2635 725 2715 vocabulorum,
753 2654 835 2716 quae
858 2636 984 2701 Ahrens
1012 2636 1043 2700 d.
1071 2635 1101 2700 d.
1133 2637 1171 2700 D.
1199 2637 1257 2698 182

132 2740 301 2800 enumerat
321 2767 364 2778 —
385 2750 491 2796 rarum
514 2731 636 2796 vocalis
659 2755 679 2794 α
702 2751 793 2798 usum
817 2733 887 2798 loco
909 2733 1051 2814 vulgaris
1074 2756 1111 2808 ω,
1140 2731 1194 2796 ubi
1217 2749 1259 2796 ex

132 2855 175 2896 αο
198 2831 251 2896 vel
275 2853 325 2893 ααν
349 2849 412 2894 non
437 2835 506 2894 orta
528 2836 589 2896 est:
612 2825 745 2913 ὃπάραν
768 2831 834 2913 pro'
850 2827 999 2914 ὀπώραν.
1037 2829 1184 2896 Ceterum
1207 2847 1258 2894 res

132 2929 232 2994 valde
255 2927 353 2992 dubia
376 2933 424 2992 est
454 2933 485 2992 et
513 2927 630 3009 legitur
652 2927 795 3010 vulgaris
816 2928 918 2992 forma
946 2924 1117 3011 ὀπώραν
1145 2927 1183 2992 fr.
1210 2931 1258 2993 15.

133 3026 286 3092 Fortasse
315 3024 433 3106 aliquis
457 3019 620 3108 χάπώραν
656 3025 859 3092 scribendum
882 3037 959 3092 ‘esse
986 3026 1151 3109 conjiciat,
1188 3045 1259 3092 cum
1362 3016 1412 3102 ,.'

134 3143 205 3190 eam
228 3122 363 3189 formam
379 3121 624 3206 hyperdoricam
637 3141 709 3189 esse
729 3144 788 3206 pro
802 3131 888 3191 certo
903 3124 1054 3191 affirmari
1069 3145 1133 3189 non
1149 3122 1259 3207 possit.

133 3222 216 3288 Item
232 3219 352 3286 codicis
369 3218 539 3286 lectionem
555 3218 803 3306 πολύφανος
818 3223 854 3289 ir.
871 3226 911 3287 34
927 3231 1001 3288 sunt
1016 3222 1068 3305 qui
1085 3221 1260 3302 (Welcker,

135 3319 301 3401 Brugman
323 3316 414 3382 Stnd.
438 3317 482 3382 IV
506 3320 578 3395 157)
602 3319 752 3383 Doricam
780 3320 868 3385 vocis
896 3316 1098 3404 πολύφωνος
1125 3318 1260 3382 formam

134 3423 259 3500 putent,
283 3434 354 3479 cum
371 3415 479 3496 Bergk
502 3416 578 3479 olim
594 3416 627 3480 in
650 3412 871 3500 πολύφωνος,
895 3417 1033 3482 nuncin
1056 3411 1259 3498 πολύφαμος

134 3533 207 3580 eam
230 3511 369 3578 mutarit.

422 3684 494 3763 57.
539 3681 595 3747 De
617 3680 831 3747 vocalibus
854 3705 869 3747 c
894 3705 912 3766 η
938 3704 978 3748 ει.

222 3798 422 3867 Paucissima
436 3800 584 3866 novimus
598 3800 765 3883 vocabula,
782 3801 943 3883 inquibus
958 3823 974 3864 ε
990 3798 1076 3883 apud
1089 3796 1261 3862 Dorienses

136 3899 191 3963 alii
215 3897 307 3964 brevi
329 3897 435 3961 vocali
457 3897 630 3980 respondet
652 3899 828 3965 communis
854 3899 992 3980 linguae.

225 4018 241 4059 ε
265 4014 324 4077 pro
346 4017 368 4058 α
391 4014 457 4059 non
478 3997 616 4078 ponitur,
645 3997 707 4062 nisi
736 3997 821 4078 qnod
849 3996 1006 4061 nonnulla
1034 3992 1134 4060 verbu
1155 3991 1189 4056 in
1211 4013 1261 4054 αω
