2916 4872
223 425 263 488 78
718 432 851 488 Baunaok
952 479 961 492 .

221 620 316 668 ourae
337 583 412 685 fuit,
443 608 479 668 ut
501 601 753 670 demonstrarem
776 624 899 688 errare,
930 607 985 688 qui
1013 607 1154 674 radioem
1176 631 1240 674 seo
1260 609 1348 692 apud

221 698 361 776 Graecos
383 699 500 766 radicis
523 700 777 792 determinative,
801 703 887 785 quod
902 702 1026 787 dieitur,
1055 705 1278 773 additamento
1299 707 1348 773 in·

219 803 372 863 structam
395 806 524 866 exstare
546 799 788 894 contenderunt.

220 1053 276 1118 IV.
314 1052 549 1120 Nonnullae
570 1055 736 1138 glossae
757 1055 1046 1141 Hesychianae
1069 1056 1348 1141 explieantur.

305 1191 343 1255 A.
389 1189 538 1257 Glossam
562 1194 784 1256 καταπίει·
809 1195 1037 1257 καταπίνει

304 1286 500 1354 Sohmidtius
530 1287 564 1352 in
586 1288 740 1373 Hesyehii
769 1289 911 1357 editione
934 1289 1057 1356 minore
1085 1308 1179 1356 oruee
1209 1287 1346 1367 (ἀίετέ-
1417 1365 1420 1369 ,

219 1405 307 1461 osec
340 1385 444 1468 signo)
482 1385 611 1468 glossae
649 1387 831 1471 anteposita
868 1388 903 1452 in
936 1385 1168 1454 dubitationem
1208 1390 1346 1456 votavit.

217 1483 309 1549 Idem
338 1483 372 1548 in
401 1481 544 1549 editione
572 1483 693 1550 maiore
719 1485 876 1567 glossam,
910 1504 1005 1567 quam
1032 1486 1199 1552 traotmmi
1228 1507 1347 1568 sumus,

218 1601 317 1648 unam
348 1580 549 1663 eandemque
582 1601 654 1649 esse
681 1603 720 1650 ae
752 1583 1000 1668 praesedentem
1033 1595 1208 1666 καταμιεῑ·
1245 1610 1348 1651 κατα-

217 1684 328 1757 πίνει,
353 1683 549 1744 κατεσθίει·
575 1688 666 1762 μιεῖν
688 1679 751 1766 γὰρ
773 1679 812 1746 τὸ
836 1678 971 1747 ἐσθίειν
993 1673 1090 1765 atque
1112 1702 1150 1750 eo
1173 1682 1262 1767 loeo,
1285 1703 1347 1766 quo

217 1777 250 1843 in
274 1776 385 1843 oodioe
399 1777 571 1858 invenitur,
594 1777 676 1845 ialso
692 1779 861 1863 repetitam
878 1798 949 1846 esse
964 1778 1110 1860 adnotat,
1135 1782 1222 1861 quod
1236 1801 1349 1848 vereor
1404 1771 1411 1791 “

217 1895 259 1942 ne
273 1896 338 1942 non
353 1881 439 1941 reete
462 1874 582 1956 feeerit,
605 1875 893 1960 addubitatamque
907 1877 997 1944 unois
1012 1877 1150 1943 inelusit.
1188 1878 1348 1962 Equidem

217 1973 355 2040 traditae
377 1973 553 2057 scripturae
582 1972 646 2039 fide
674 1974 772 2040 fretus
794 1975 846 2040 vel
869 1981 1005 2041 aeeentu
1026 1981 1219 2041 eommutato
1242 2000 1345 2042 κατα-

217 2081 307 2136 πιεῖ·
341 2067 523 2136 καταπίνει
550 2071 603 2136 vel
633 2071 910 2155 interpretamenti
938 2074 1046 2140 littera
1077 2073 1191 2138 ultima
1220 2074 1347 2141 absoisa

217 2171 394 2233 καταπίει·
418 2164 619 2246 καταπινεῂ]
642 2169 780 2236 seribere
802 2172 909 2254 velim,
932 2171 1035 2236 itaut
1057 2171 1160 2236 forma
1182 2183 1346 2238 καταπιεῖ

216 2265 311 2331 tertia
331 2284 472 2347 persona
493 2266 575 2348 sing.
598 2268 786 2349 praesentis,
810 2267 913 2333 torma
928 2272 1089 2334 καταπίει
1110 2267 1255 2335 seeundo
1276 2289 1346 2354 per·

216 2382 299 2444 sona
319 2362 401 2444 sing.
424 2362 606 2447 imperativi
628 2363 678 2429 sit.
723 2364 833 2432 Habes
861 2367 957 2449 igitur
983 2365 1102 2431 formas
1124 2366 1215 2432 verbi
1245 2368 1345 2434 ouius-

217 2460 293 2528 dam
322 2463 428 2538 πιίω,
463 2459 549 2544 quod
582 2460 763 2528 Roseherus
795 2463 828 2528 in
858 2462 956 2528 durtii
990 2462 1174 2528 Studiorum
1207 2465 1273 2530 vol.
1301 2464 1344 2530 IV

216 2580 247 2643 p.
274 2562 350 2634 194,
385 2559 444 2624 etsi
474 2578 514 2624 ex
542 2558 725 2642 imperativi
754 2560 856 2626 forma
883 2565 975 2638 πίει,
1003 2579 1086 2643 quae
1114 2561 1148 2626 in
1175 2563 1342 2629 attieorum

215 2657 400 2741 poeulorum
429 2655 690 2738 inseriptionibus
720 2665 828 2743 (χαῖρε
854 2660 910 2725 καί
934 2663 1008 2724 πίει
1037 2658 1188 2741 aliisque)
1215 2661 1341 2744 legitor,

215 2776 273 2822 suo
295 2756 364 2820 iure
386 2754 536 2835 eonieeit,
565 2755 655 2819 nullo
683 2761 792 2820 tamen
820 2756 886 2821 alio
915 2758 994 2822 loeo·
1012 2775 1073 2822 nee
1101 2757 1341 2840 inscriptionum

215 2873 276 2920 nee
296 2853 451 2918 librorum
473 2852 782 2935 manuscriptorum
804 2853 957 2918 traditum
979 2854 1120 2938 reperire
1145 2855 1260 2936 potuit.

269 2973 271 2980 ’
301 2949 338 3014 Β.
375 2946 596 3028 substantiva,
619 2966 703 3029 quae
717 2969 736 3013 a
752 2949 861 3017 radios
882 2970 999 3034 greeea
1021 2947 1087 3028 ἀκ,
1112 2951 1163 3016 oni
1186 2953 1339 3020 sanserita

216 3065 254 3131 up
273 3044 395 3125 (edere)
416 3044 600 3128 respondet,
622 3045 759 3112 formata
774 3066 846 3114 esse
861 3049 1019 3131 videntur,
1042 3047 1131 3131 apud
1147 3048 1342 3134 Hesyehium

215 3163 282 3209 non
303 3161 408 3226 pauea
428 3142 644 3208 inveniuntur.
689 3143 803 3227 Neque
824 3145 969 3229 ignotum
992 3151 1041 3212 est
1063 3145 1147 3210 illud
1177 3141 1341 3214 αἶκνον·

217 3241 408 3319 δεῖπνον,
430 3259 488 3324 pro
511 3259 573 3322 quo
588 3240 725 3307 Aleman
746 3243 780 3308 in
806 3242 919 3326 fragm.
935 3247 973 3306 71
999 3242 1103 3308 forma
1124 3237 1274 3310 αἶκλον
1296 3250 1342 3312 est

215 3358 301 3405 usus.
340 3336 416 3403 llue
443 3331 600 3404 eeeedunt
633 3338 775 3405 eiusdem
805 3340 941 3406 laeoniei
969 3347 1084 3424 poetae
1114 3343 1341 3407 συναικλία

214 3439 247 3503 in
259 3438 372 3520 fragm.
382 3438 421 3500 70
433 3441 465 3501 et
476 3435 629 3520 Hesychii
642 3431 865 3503 ἆν-αίκ-λε
876 3461 919 3502 ια
934 3434 1130 3504 ἄδειπνα.
1154 3438 1193 3504 G.
1204 3438 1339 3521 Curtius,

215 3537 269 3620 qui
287 3535 408 3620 primus
423 3533 594 3600 verborum
609 3528 759 3600 αίκ-λον
775 3542 808 3600 et
823 3529 972 3600 αῖκ-νο-ν
989 3535 1144 3618 originem
1166 3537 1339 3621 perspexit,

214 3642 301 3701 reete
323 3635 393 3700 sine
408 3631 505 3697 dubio
521 3625 637 3697 αἶκλον
659 3649 717 3715 pro
739 3629 925 3712 *ἀκ-ιλο-ν,
948 3627 1065 3697 αίκνον
1087 3653 1145 3716 pro
1163 3627 1338 3701 *ἆκ-ινα-ν

216 3732 283 3810 (etr.
306 3749 425 3796 sanser.
449 3750 609 3814 op-ooo-ro
627 3736 660 3796 et
682 3731 858 3809 orl-ooa-m)
880 3749 937 3814 per
960 3730 1149 3814 epenthesin
1171 3731 1337 3797 formatum

192 3902 195 3908 ,
216 3848 288 3894 esse
302 3826 475 3894 contendit.
499 3826 576 3907 (cfr.
586 3826 745 3912 γυναικός
760 3848 818 3913 pro
829 3827 1057 3912 *γυνα-κι-ος,
1074 3830 1197 3914 styma
1211 3849 1244 3914 p.
1256 3831 1337 3906 668.)

215 3923 362 3992 Eandem
385 3925 585 4012 formationis
605 3927 763 3994 rationem
786 3925 940 3993 exhibent
960 3925 1045 3992 duae
1067 3946 1173 4010 voees,
1197 3946 1280 4010 quae
1300 3925 1336 3992 si·

215 4023 282 4090 mili
305 4027 476 4107 praeterea
496 4031 570 4090 sunt
591 4023 833 4107 significatione.
869 4025 1019 4090 Δεῖπνον
1035 4024 1117 4106 dieo,
1140 4024 1226 4107 quod
1248 4042 1334 4089 voea-
