2916 4872
263 455 324 516 110
753 457 887 514 Baunaclr

259 650 343 713 quae
356 631 458 697 verba
472 630 625 699 Lehrsius
640 636 672 698 et
682 633 850 699 Nauckius
864 633 898 698 in
914 634 1038 699 καττὰν
1054 633 1171 721 κάραν,
1188 639 1373 723 Hartungius

258 730 291 795 in
316 734 438 794 καττᾶν
460 734 586 814 κορρᾶν
613 737 796 812 mutavere,
826 731 1005 815 traduntur,
1033 733 1171 801 fortasse
1200 736 1323 804 litteras
1343 739 1372 804 iu

259 825 302 893 κὰ
323 824 384 893 τὰν
407 827 535 912 κάρραν
558 827 756 911 distinguere
770 848 810 895 ac
826 827 1009 897 distendere
1030 831 1146 898 melius
1168 833 1238 900 erit.
1265 834 1372 914 Quan-

257 948 352 1010 quam
377 927 510 992 Alcman
539 946 605 991 non
634 923 695 990 hac
717 937 782 991 nna
809 927 1060 1012 praepositionis
1088 927 1191 995 forma
1212 952 1289 998 usus
1310 953 1372 1000 esse

256 1026 398 1110 videtur3
420 1022 680 1090 inveniturenim
697 1020 782 1087 κατά
796 1023 830 1089 in
851 1024 964 1108 fragm.
981 1028 1020 1088 24
1045 1024 1223 1109 κατάρχειν
1246 1029 1371 1115 (κατάρ

254 1123 368 1210 χηνῗ),
399 1124 432 1188 in
455 1123 567 1205 fragm.
591 1124 631 1186 97
660 1118 843 1198 καταάσεις
866 1127 897 1187 et
918 1120 1003 1187 κατὰ
1026 1129 1154 1208 πέτρας
1177 1130 1232 1204 (an
1256 1128 1297 1194 κά
1318 1127 1370 1206 τὰς

255 1226 383 1305 πέτρας
391 1221 436 1304 ?);
458 1228 566 1287 tamen

341 1323 373 1397 3)
411 1321 651 1402 κει-βαίνων
679 1317 716 1384 fr.
740 1319 780 1383 38
808 1316 889 1382 nihil
919 1316 1127 1388 dubitationis
1160 1321 1268 1388 habet.
1309 1325 1368 1391 Mc-

254 1425 378 1483 moratu
402 1417 533 1502 dignuin
550 1423 608 1498 est,
631 1414 717 1498 quod
739 1415 878 1497 simplex
893 1435 1035 1482 consona
1049 1427 1151 1485 m'etro
1166 1420 1367 1488 confirmatur.

244 1567 245 1572 ,
341 1518 373 1593 4)
403 1512 598 1598 aci-picot·
622 1511 811 1598 κατάβηθι·
834 1511 1012 1593 Λάκωνες,
1034 1517 1144 1598 glossa
1161 1519 1366 1604 Hesychiana,

252 1615 453 1702 apertissime
475 1614 605 1688 brevem
627 1611 874 1696 praepositionis
896 1612 1028 1678 formam
1054 1615 1197 1699 praebet.
1242 1618 1366 1684 Glossas

252 1732 333 1794 quae
350 1711 501 1796 deinceps
516 1715 692 1794 sequuntur
705 1708 924 1794 hesychianae
938 1717 1013 1775 sunt
1027 1714 1170 1797 exceptis
1186 1716 1243 1797 eis,
1263 1717 1366 1799 quibus

250 1831 368 1878 nomen
390 1811 474 1876 alius
499 1807 701 1893 grammatici
723 1805 879 1874 adiicitur.

338 1915 368 1988 5)
413 1906 646 1993 κά-βλημα·
683 1909 920 1988 περίστρωμα·
958 1903 1137 1986 Λάκωνες.
1180 1910 1364 1978 Schmidtius

251 2007 430 2094 κάββλημα
448 2006 587 2088 corrigit.
617 2003 704 2069 Sane
719 2003 896 2069 litterarum
913 2005 1012 2071 series
1034 2006 1124 2073 laesa
1138 2014 1188 2074 est
1208 2009 1243 2074 in
1260 2006 1362 2075 lexico.

250 2111 292 2172 At
314 2125 385 2171 eam
413 2105 532 2186 ubique
559 2101 726 2168 restituere
755 2100 782 2166 si
805 2101 1020 2186 studebimus,
1049 2103 1211 2171 interdum
1239 2107 1362 2173 fortasse

248 2202 462 2286 peccabimus.
510 2200 589 2266 Cum
622 2200 707 2264 enim
740 2199 792 2264 vel
823 2198 1019 2284 Hesychinm
1052 2202 1105 2267 vel
1135 2203 1360 2286 Diogenianum

249 2320 289 2367 ex
323 2301 397 2366 aliis
428 2297 661 2383 antiquioribus
696 2297 787 2362 libris
822 2298 924 2363 multa
889 2299 1164 2382 texscripsisse
1199 2303 1360 2380 (laconicas

248 2419 343 2465 voces
376 2417 446 2464 cum
480 2417 521 2463 ex
558 2397 631 2462 aliis
667 2402 733 2461 tum
767 2414 808 2461 ex
840 2396 1065 2480 Aristophanis
1098 2398 1249 2483 Byzantii
1288 2401 1357 2465 libro

247 2496 419 2581 „piciacus
445 2495 630 2560 λακωνικαί
638 2498 663 2569 “l
686 2494 839 2575 sciamus,
863 2494 1130 2562 verisimillimum
1153 2504 1202 2563 cst
1224 2518 1279 2564 cos
1299 2516 1358 2564 sae·

246 2597 317 2678 pius
352 2594 432 2661 duas
461 2594 514 2659 vel
547 2592 726 2676 complures
760 2592 902 2688 glossas,
938 2612 1017 2674 quas
1049 2594 1081 2659 in
1115 2574 1203 2662 libro
1232 2595 1355 2678 quodam

243 2693 437 2759 invenerunt
461 2699 519 2758 aut
540 2711 623 2775 quae
645 2689 788 2756 eiusdem
810 2689 938 2754 fuerunt
960 2688 1106 2774 dialecti,
1128 2693 1235 2758 lexico
1258 2694 1355 2760 eodem

244 2790 387 2856 ordine'
378 2791 552 2856 inseruisse
567 2809 662 2872 quern
683 2788 718 2853 in
741 2808 779 2853 eo
802 2788 893 2869 libro,
917 2809 979 2871 quo
1001 2788 1090 2855 fonte
1111 2791 1292 2874 utebantur,
1314 2811 1355 2857 er-

243 2885 409 2956 hibsbant.
442 2886 535 2967 Quod
558 2886 686 2970 quidem
709 2885 813 2952 elucet
835 2905 876 2951 ex
897 2887 1062 2952 nonnullis
1083 2887 1180 2953 lexici
1202 2889 1290 2969 locis,
1311 2886 1354 2952 ubi

243 2988 423 3070 complures
444 2984 587 3052 eiusdem
611 2984 740 3051 dialecti
767 2985 896 3066 glossae
923 2984 957 3050 in
985 3005 1082 3050 unam
1104 2985 1220 3052 scriem
1243 3004 1354 3069 compo

243 3083 421 3149 sitae-sunt
444 3083 510 3161 (cir.
532 3082 695 3148 laconicas
716 3082 896 3165 βειέλοπες
917 3101 1018 3165 usque
1040 3081 1083 3148 ad
1104 3087 1260 3165 βείκατι),
1282 3081 1352 3148 unde

242 3180 384 3264 afficitor,
408 3188 443 3246 ut
457 3200 696 3263 nonnunquam,
720 3178 762 3245 ad
782 3199 879 3262 quarn
899 3178 1070 3246 dialectum
1084 3181 1194 3263 glossa
1209 3181 1351 3264 quaedam

241 3278 323 3364 aliis,
346 3279 460 3361 quibus
475 3279 581 3362 gentis
596 3297 713 3345 nomen
727 3276 871 3343 additum
888 3283 946 3359 est,
969 3279 1089 3344 inserta
1109 3280 1277 3362 pertineat,
1297 3297 1350 3344 non

240 3377 311 3442 siue
332 3377 442 3459 aliqua
469 3376 697 3460 probabilitate
718 3376 872 3458 colligere
899 3377 1068 3458 possimus.
1114 3375 1157 3442 Ut
1182 3376 1349 3460 exemplum

240 3474 388 3556 afferam,
418 3473 505 3540 cadit
532 3473 614 3540 illud
641 3475 777 3542 fortasse
806 3474 839 3538 in
865 3474 1008 3555 glossam
1029 3471 1148 3556 βελάς,
1178 3493 1261 3557 quae
1279 3475 1350 3538 inter

239 3573 402 3639 laconicas
423 3573 548 3656 glossas
570 3572 653 3653 scta
676 3579 708 3637 et
729 3571 877 3654 Βελβίνα
899 3570 1017 3636 tradita
1039 3577 1098 3637 cst.
1129 3572 1228 3638 Porro
1244 3591 1282 3638 cx
1301 3570 1349 3635 illa

239 3671 485 3751 consuetudine,
508 3690 604 3752 quam
632 3657 728 3736 modo
753 3669 863 3752 attigi,
892 3669 970 3733 crdo
999 3669 1175 3734 litterarum
1204 3669 1345 3736 interdum

239 3769 346 3834 laesus
368 3775 473 3852 potest
489 3768 655 3851 explicari.
686 3766 813 3834 Codicis
830 3766 927 3848 igitur
940 3766 1129 3850 scripturam
1145 3769 1226 3832 tucri
1241 3765 1345 3837 malin,

238 3866 427 3948 praesertim
448 3887 518 3932 cum
540 3866 688 3932 laconica
708 3863 957 3948 praepositionis
972 3863 1014 3930 κά
1031 3865 1180 3949 exempla
1194 3865 1257 3932 sint
1276 3881 1344 3928 com

237 3962 353 4046 pluria.
399 3963 453 4029 Eis
475 3963 571 4028 adiici
594 3968 700 4046 potest

324 4063 364 4132 6)
394 4084 466 4124 κα·
456 4060 721 4144 τράγοννες
746 4059 778 4124 οἱ
800 4060 960 4146 βοάγρνι·
983 4029 1166 4144 Λάκωνες,
1190 4078 1277 4142 quam
1297 4071 1343 4120 cur
