2916 4872
491 432 613 488 Schedae
629 434 828 502 grammaticae.
1184 431 1223 493 85

102 611 213 689 gentes
235 603 487 670 attenuationem
510 604 658 671 vocabuli
681 603 767 683 θεός
789 605 823 672 in
839 603 921 683 θιός
943 606 1040 672 tuisse
1062 605 1224 672 usitatam.

102 702 240 768 Maxime
263 700 392 768 valebat
413 701 442 769 is
461 721 530 768 mos
545 702 632 786 apud
648 703 805 787 Lacones,
828 702 998 770 Cretenses
1021 703 1160 786 (Hetbig,
1185 703 1227 770 de

102 800 175 865 diat.
198 806 277 866 oret.
299 818 331 882 p.
356 803 396 880 7),
428 799 564 884 Cyprios
584 800 689 880 (Stud.
712 800 774 866 VII
796 821 827 884 p.
853 802 936 882 150),
959 800 1098 868 Boeotos
1121 799 1225 874 (Stud.

100 897 146 964 IX
167 917 199 980 p.
216 901 280 974 20).
319 896 403 962 Dein
425 898 459 963 in
481 898 595 981 argiva
608 898 826 982 inseriptione,
849 917 945 982 quam
961 897 1147 964 Fouoartius
1166 899 1226 962 108

101 990 386 1078 ο11111,”1σχολλος
401 997 532 1072 Θίοπος
543 1002 823 1078 commemoratum
841 999 938 1079 Θίοψ
949 1001 998 1061 est
1009 1012 1067 1079 pro
1078 993 1098 1035 *
1107 998 1227 1078 Θε-οψ

101 1092 152 1158 cfr.
178 1089 311 1179 Θεόπη,
341 1089 489 1174 adt-op,
522 1097 688 1177 Φαῖο-οψ.
732 1095 815 1158 Tum
838 1092 1018 1159 Messenius
1039 1091 1170 1175 quidam
1192 1092 1226 1156 in

100 1189 259 1257 Fouoartii
287 1188 382 1256 inser.
406 1192 468 1254 318
494 1187 675 1272 Θιό-τιμος
700 1191 893 1275 appellatur.
938 1189 1017 1255 Cum
1039 1190 1108 1257 eius
1129 1187 1227 1254 moris

100 1286 236 1370 vestigia
263 1283 351 1370 apud
372 1287 550 1353 Messenios
578 1286 651 1355 aliis
679 1287 713 1353 in
742 1286 925 1354 nominibus
950 1307 1014 1354 non
1037 1291 1226 1371 appareant,

100 1384 288 1450 Fouoartius
316 1383 431 1449 mirum
458 1385 493 1449 in
522 1385 651 1450 modum
681 1384 864 1452 adnotavit:
901 1384 1127 1468 ,particuliere
1148 1387 1170 1449 a
1194 1383 1229 1450 la

101 1481 229 1564 Beoti03
259 1482 342 1547 mais
363 1482 387 1546 il
410 1489 459 1547 est
480 1481 542 1547 fort
563 1481 706 1567 possible
733 1501 795 1564 que
817 1482 1047 1566 quelques-uns
1068 1480 1126 1548 des
1147 1480 1228 1546 Beo-

99 1579 180 1645 tiens
203 1597 240 1646 se
263 1578 368 1646 soient
389 1577 468 1646 fines
490 1578 572 1646 daus
601 1580 633 1646 le
661 1581 776 1664 pays.“
819 1581 863 1644 At
883 1578 920 1644 id
943 1578 1037 1645 nobis
1059 1575 1228 1644 offensioni

101 1695 257 1744 essenon
280 1681 400 1761 potest..
438 1677 605 1744 Postremo
626 1677 659 1741 in
683 1675 833 1760 delpbioo
856 1695 982 1759 quoque
1004 1675 1107 1757 titulo,
1133 1693 1228 1758 quem

99 1774 143 1839 Le
170 1774 237 1840 Bas
265 1774 300 1838 in
334 1773 417 1838 libro
447 1773 500 1858 qui
536 1773 720 1840 insoribitur
753 1772 980 1857 „inscriptions
1013 1791 1167 1855 greoques
1197 1776 1229 1837 et

101 1871 239 1938 latines“
263 1869 375 1953 edidit,
402 1873 475 1952 959,
499 1873 517 1934 7
541 1875 628 1935 eruto
649 1870 775 1954 legitur.

182 1969 285 2034 Porro
307 1987 348 2033 ex
369 1967 427 2032 illo
449 1963 531 2044 θοός
561 1967 679 2033 fautum
701 1973 751 2033 est
772 1964 875 2044 *θίς,
906 1971 942 2030 ut
971 1969 1043 2047 -βις
1072 1983 1113 2030 ex
1134 1967 1228 2047 -βιος

100 2065 131 2130 in
145 2063 288 2148 Πάμβις
304 2062 391 2143 (vido
406 2069 526 2149 supra),
546 2062 703 2148 Κλεόβις,
714 2057 911 2149 Ἀριστόβις
927 2061 1030 2144 (sion,
1052 2061 1230 2127 Personen·

100 2183 216 2228 namen
240 2184 273 2246 p.
298 2165 372 2241 106)
393 2169 441 2243 et,
471 2168 506 2227 ut
530 2161 686 2227 nonnulla
707 2181 793 2226 nova
816 2161 966 2242 exempla
987 2158 1137 2240 afferam,
1166 2157 1229 2224 He-

100 2260 200 2344 syehii
217 2264 289 2326 σίν·
311 2253 372 2344 τήν
389 2255 515 2345 σεμνήν
529 2277 571 2324 ex
586 2256 667 2324 θοόν
684 2253 737 2340 (ἡ),
755 2255 850 2336 θεόν,
872 2275 970 2340 quare
985 2256 1121 2323 iaeoniei
1138 2253 1230 2340 ἱερο-

101 2354 203 2442 φόροι
227 2357 262 2420 in
291 2354 385 2422 inser.
412 2355 574 2423 Foueartii
600 2363 632 2422 et
654 2354 713 2420 τὸν
740 2356 794 2422 oio
821 2357 933 2442 φέρων
960 2346 1139 2436 Εὐδαίμων
1162 2352 1229 2435 qui·

100 2453 173 2519 dam
197 2452 304 2526 (1631)
327 2456 382 2531 49)
410 2459 443 2518 et
465 2451 519 2519 oir
542 2457 656 2540 φέρων
679 2459 758 2532 (non
782 2455 961 2539 σινφέρον,
984 2456 1019 2514 ut
1041 2449 1230 2516 Fouoartius

100 2553 178 2628 vult)
198 2547 377 2638 Ἀγιτέλης
399 2551 529 2633 quidam
544 2554 646 2630 (1630
661 2554 715 2629 47)
736 2551 951 2630 nominantur,
973 2583 1016 2594 -
1031 2553 1065 2612 at
1082 2547 1170 2611 read
1187 2551 1227 2612 51

100 2648 256 2725 Πλοῦτος
279 2645 317 2729 ἐξ
337 2640 604 2732 Εὗροβονάσσας
629 2645 796 2734 σιοφόρος
825 2645 941 2710 dieitur
962 2665 1019 2728 -3
1049 2642 1229 2709 laeonieum

102 2742 257 2831 ὄψοποΐς
289 2744 356 2820 (eir.
379 2745 489 2829 delph.
519 2745 698 2811 vaonoe‘i'ov
729 2763 782 2828 ap.
804 2742 933 2809 Weseh.
964 2747 996 2807 et
1023 2741 1119 2807 Foue.
1146 2745 1172 2820 1,
1196 2742 1229 2817 6)

101 2859 141 2908 ex
168 2839 347 2928 ὀψοποιός
377 2841 467 2922 (ibid.
495 2846 577 2908 1630
600 2845 669 2924 51);
698 2860 815 2907 nomen
843 2839 978 2924 Μολίνη
1009 2857 1049 2904 ex
1071 2834 1227 2922 Μολιόνη

100 2941 207 3018 (Paos.
232 2943 262 3024 a,
287 2943 336 3021 14,
360 2942 396 3022 o;
420 2945 450 3020 5,
473 2942 503 3020 ο,
528 2941 569 3015 a).

184 3035 310 3117 Quodsi
332 3036 413 3101 illud
435 3034 523 3112 *etr
544 3035 745 3112 oonsideras,
769 3033 829 3100 ilia
850 3032 982 3098 nomina
1006 3035 1140 3114 Θὶ-βος,
1167 3033 1227 3095 et-

102 3140 203 3220 βρων,
238 3136 426 3217 Θί-μβρων,
459 3137 650 3218 Θί-βραχος
677 3132 797 3197 nuliam
820 3129 978 3215 praebent
1000 3126 1228 3195 difficultatem.

5 3245 6 3248 ’
186 3231 228 3296 In
250 3229 433 3296 universum
455 3231 489 3295 in
511 3230 676 3295 nominum
699 3229 934 3312 proprioruma
954 3225 1039 3303 θεός
1062 3225 1229 3292 exordien-

102 3329 178 3395 tium
202 3327 393 3394 formatione
415 3327 572 3392 nonnulla
595 3325 770 3410 peouliaria
783 3323 1004 3406 notabiliaque
1019 3324 1230 3389 observantur

102 3433 134 3492 et
154 3432 249 3492 tanta
270 3425 353 3490 inter
368 3445 408 3491 ea
421 3425 562 3502 nomina,
585 3429 706 3507 quanta
727 3428 919 3504 potestesse
941 3421 1090 3502 maxima,
1113 3420 1229 3484 forma·

103 3544 171 3588 rum
186 3523 340 3589 varietas.
370 3521 584 3602 Quamobrem
608 3519 649 3585 de
671 3518 918 3584 multiformibus
940 3515 1123 3582 nominibus
1145 3534 1229 3581 oom-

103 3621 216 3706 positis
243 3641 265 3684 a
294 3617 380 3696 θεός
411 3619 596 3685 ineuntibus
628 3617 740 3703 pauois
768 3615 830 3680 hoo
856 3614 927 3678 looo
958 3611 1129 3694 disseram,
1165 3632 1227 3695 quo

104 3719 196 3785 simul
221 3737 276 3799 ea,
306 3736 389 3799 quae
410 3737 510 3800 supra
537 3714 687 3800 exposui,
717 3712 820 3796 magis
842 3709 1012 3795 perspicua
1033 3710 1101 3776 tore
1123 3728 1227 3795 spero.

187 3815 320 3882 Habent
346 3812 443 3896 igitur
471 3812 634 3877 nomina
662 3808 832 3894 propria
861 3805 1105 3891 composita,
1136 3829 1229 3891 quo·

105 3933 186 3978 rum
207 3913 323 3998 prior
345 3929 442 3994 pars
464 3915 567 3974 θεο-
588 3914 666 3990 est,
689 3907 723 3972 in
746 3905 850 3971 fronte
872 3903 989 3970 formas
1011 3903 1124 3970 hasoe:

191 4016 221 4091 1)
262 4013 384 4088 Θεο-,
405 4009 440 4074 in
460 4006 644 4073 nominibus
666 4001 964 4071 innumerabilibus.
