2968 4866
420 402 598 472 Quaestiones
616 402 835 471 dialectologicac
852 416 973 471 graecae.
1202 401 1264 464 289

146 579 260 662 πένης,
281 579 444 662 πένητος,
467 580 589 661 πένητι
611 581 669 640 etc.
693 594 750 658 pro
772 574 921 654 *πένᾶς,
948 573 1121 652 *πένᾶτος
1144 575 1263 644 dictum

145 672 190 737 sit.
211 673 340 756 Legitur
351 692 380 739 ο.
391 692 438 757 gr.
448 678 578 758 πένητα
590 671 712 756 Sapph.
724 675 753 737 2.
768 673 919 755 (Bergkn
933 671 1073 758 λέβητες
1085 673 1198 757 Epich.
1210 679 1262 742 58.

148 769 286 856 Τέλητος
307 775 413 854 genet.
430 789 548 854 megar.
565 767 600 835 0.
617 770 641 834 Ι.
664 791 712 853 gr.
737 773 827 836 1052.
866 775 1036 856 Κωρῆτες,
1059 768 1263 856 Μαγνήτων,

144 864 298 954 Μάγνησι
320 874 380 934 etc.
407 887 495 951 saep

220 965 269 1030 Ea
283 972 391 1030 antem
412 985 464 1032 res
479 963 714 1048 simplicissime
735 965 904 1047 explanari
926 972 1040 1049 potest.
1077 925 1152 1032 Veri
1176 969 1262 1034 enim

142 1061 332 1129 simillimum
359 1061 438 1128 mihi
468 1060 596 1128 videtur
618 1060 813 1130 Graecorum
840 1062 930 1128 illam
955 1062 1236 1132 declinationem
1227 1087 1261 1132 ιιι

142 1181 208 1244 ης,
235 1185 333 1246 -ητος
364 1160 415 1237 (ci.
437 1159 570 1226 Lobeck
593 1159 694 1242 paral.
719 1162 793 1239 236)
820 1161 956 1227 eandem
979 1161 1142 1243 quondam
1164 1162 1263 1231 luisse

141 1263 231 1339 atque
257 1257 389 1323 latinam
411 1257 446 1322 in
468 1263 529 1330 -οι,
553 1257 624 1320 -tlir
646 1257 748 1336 (·ite‘s).
792 1258 1013 1325 Demonstrati
1042 1258 1127 1326 enim
1156 1268 1263 1345 potest

141 1371 178 1419 ex
198 1353 314 1420 italicis
336 1354 483 1422 dialectis
498 1354 562 1420 iam
585 1353 699 1438 priscis
718 1357 916 1439 temporibus
930 1356 1049 1422 formas
1064 1357 1137 1424 illes
1152 1366 1262 1427 vetere

140 1449 245 1517 suffixo
259 1454 302 1515 -ti
315 1452 468 1519 formatas
490 1452 598 1518 littera
612 1452 626 1514 ι’
641 1451 768 1518 abiecta
788 1453 823 1519 in
846 1452 1093 1522 declinationem
1115 1456 1261 1541 stirpium

139 1548 347 1617 inconsonas
370 1550 556 1617 exeuntium
579 1548 754 1616 transiisse.
787 1550 826 1617 cf.
843 1550 981 1618 Gorssen
1004 1557 1103 1630 (voc.2
1118 1554 1151 1619 ΙΙ
1167 1558 1260 1634 282):

138 1645 207 1722 „die
222 1667 284 1714 osc.
300 1648 440 1714 Formcn
456 1647 586 1710 limitem
599 1647 760 1726 (limitem),
777 1648 878 1713 umbr.
891 1650 1021 1712 eructum
1038 1652 1191 1729 (arietem)
1207 1654 1260 1719 be·

138 1745 267 1828 weisen,
298 1745 378 1812 <lasz
406 1745 507 1811 sowol
535 1744 589 1810 die
617 1744 854 1829 Abstumpiung
883 1745 942 1812 des
969 1744 1107 1820 Suffixes
1129 1750 1214 1814 tizu
1236 1761 1257 1824 t,

138 1860 200 1909 was
228 1843 292 1912 den
322 1842 500 1910 Uebertritt
523 1841 619 1925 jener
642 1840 827 1924 Bildungen
855 1841 889 1906 in
919 1841 973 1908 die
1001 1862 1131 1910 consen.
1154 1847 1260 1912 Decli-

136 1941 240 2007 nation
261 1963 301 2007 nn
323 1940 427 2024 Fulge
454 1940 561 2021 hatte,
591 1939 641 2005 als
664 1938 717 2004 die
739 1938 1007 2052 Abschuachung
1036 1939 1093 2007 der
1115 1943 1259 2011 volleren

137 2037 249 2106 Vooale
271 2059 332 2106 vor
354 2037 427 2104 dem
450 2036 552 2102 Sulfix
574 2045 589 2098 t
608 2055 647 2100 zu
669 2056 686 2097 e
708 2035 811 2100 und
798 2057 809 2098 ι
831 2035 898 2102 ein
922 2036 1164 2122 Gemeingut
1187 2039 1258 2108 der

137 2135 359 2204 italischcn
382 2133 594 2219 Sprachen
616 2137 714 2199 war!

214 2235 282 2300 Hoc
310 2233 408 2316 igitur
435 2238 576 2314 constat,
611 2230 791 2298 italicarum
823 2228 1004 2314 linguarum
1035 2233 1257 2320 primigeniam
1372 2319 1374 2325 Ι

134 2329 239 2397 horum
261 2330 429 2396 nominum
452 2328 701 2396 declinationem
723 2328 808 2396 hano
829 2327 943 2394 luisse:

324 2439 410 2512 sepes
432 2427 483 2507 (cl.
502 2437 607 2511 potor.
644 2427 829 2494 Schleicher
850 2430 971 2510 ιιιιιιηι.3
993 2429 1068 2504 512)

324 2527 457 2609 cepitis

276 2635 279 2642 '
323 2624 423 2707 sopiti
441 2627 501 2688 cic.

210 2720 299 2800 Quid
321 2739 414 2802 vero,
443 2719 472 2786 si
493 2716 580 2784 idem
602 2714 794 2799 quondam
785 2735 820 2781 ιιι
849 2735 966 2799 graeca
994 2671 1106 2801 lingua
1130 2720 1255 2786 valuit?

130 2836 157 2881 c
170 2838 200 2900 g
215 2824 335 2904 πένης,
357 2814 534 2895 *treveron
557 2813 708 2880 *πένετι
739 2814 787 2906 Ac
808 2812 962 2896 prolecto,
985 2815 1255 2897 quemadmodum

129 2915 244 2999 ubique
265 2915 365 2982 fere'
357 2936 390 2980 ιιι
413 2913 640 2980 vocabulorum
656 2896 887 2993 compositione
902 2929 980 2978 vera
1002 2912 1126 2996 priscae
1147 2915 1256 2999 stirpis

130 3012 227 3079 torma
258 3019 397 3097 apparet
430 3011 469 3078 cf.
497 3010 661 3093 Brugman
694 3007 777 3073 stud.
808 3008 857 3072 IX
889 3011 969 3090 364,
1006 3011 1101 3078 huius
1130 3031 1256 3096 quoque

128 3127 262 3190 graecae
296 3108 520 3176 declinationis
550 3106 703 3190 reliquias
732 3125 871 3188 agnosco
899 3105 933 3170 in
961 3105 1185 3194 πενὲσ-τερος
1214 3131 1255 3178 ex

128 3202 374 3293 *πενετ-τερος
396 3208 436 3272 cl.
459 3203 711 3290 εὐγενέστερος
733 3222 806 3286 gen.
829 3195 1010 3288 *τογενεσ-
994 3228 1060 3285 -ο,ς
1088 3206 1254 3293 πενέστης

128 3321 170 3370 ox
190 3303 341 3371 *πενετ
324 3327 402 3389 της
425 3310 484 3369 cto.
518 3301 565 3367 Of.
587 3301 796 3385 Brugmanl.
819 3320 845 3365 c.
869 3321 901 3383 p.
925 3305 997 3367 331.

211 3401 358 3482 Quodsi
380 3401 425 3466 ita
446 3399 521 3481 luit,
550 3400 686 3483 posteris
712 3397 909 3481 temporibus
938 3399 1037 3482 longa
1064 3373 1254 3467 nominativi

128 3501 282 3567 vocalis
272 3521 308 3564 ιιι
330 3497 492 3580 reliquos
493 3516 586 3563 casus
606 3495 734 3579 irrepsit
756 3493 869 3560 eodem
891 3493 998 3578 modo,
1020 3515 1114 3578 quem
1129 3499 1163 3565 in
1187 3519 1254 3563 σω-

128 3594 188 3682 τήρ
212 3619 385 3683 σωτηρος,
411 3592 521 3680 σωλήν
545 3594 696 3680 σωλῆνος
718 3590 936 3675 cognovimus.

212 3693 361 3760 Ceterum
376 3692 513 3759 fortasse
526 3693 644 3759 veteris
660 3695 681 3755 ᾶ
694 3687 831 3771 vestigia
845 3695 1067 3754 remanserunt
1088 3690 1123 3756 in
1145 3689 1254 3758 dorico

128 3789 183 3855 illo
195 3797 364 3877 χερνᾶτις,
388 3790 474 3873 quod
489 3790 568 3873 legit
568 3811 606 3854 ur
555 3791 654 3856 tin
666 3790 768 3855 Alcm.
783 3785 962 3868 fragmento
977 3787 1015 3852 cl.
1031 3787 1109 3854 Ahr.
1125 3788 1157 3888 lI
1175 3793 1253 3873 1493

124 3911 283 3973 χερνατις
306 3889 408 3971 enim,
437 3905 534 3954 masc.
561 3885 724 3974 χερνάτης
754 3886 806 3962 (of.
828 3885 960 3953 Lobeck
988 3885 1091 3969 paral.
1113 3889 1206 3971 238),
1234 3907 1255 3954 a

124 3983 260 4074 χέρνης,
282 3984 444 4129 χέρνητος
466 3984 642 4052 deseendit.

212 4097 310 4128 ιιι..
419 4085 563 4135 ιιιιειι.
577 4087 601 4126 ιι.
1018 4087 1049 4137 19
