2968 4866
204 415 267 480 322
422 376 425 388 ’
704 411 839 469 serrare

206 591 286 660 (tum
308 588 394 658 enim
417 584 548 654 dialecti
569 603 681 652 omnes
695 584 729 651 in
744 583 910 652 vocabulis
931 583 990 650 sub
1006 588 1038 663 a)
1061 585 1257 652 enumeratis
1279 603 1341 650 vo·

83 730 87 746 ·
206 689 308 758 calem
321 711 341 772 q
358 683 534 752 exhibeant
547 717 590 732 —
604 703 772 767 nusquam,
788 682 934 764 quamvis
949 699 1049 766 saepe
1063 701 1128 746 vox
1142 681 1264 766 scripta
1278 701 1339 749 ex·

207 791 278 866 stet,
303 803 376 867 eg.
392 778 509 865 *ἅρως
532 800 590 864 pro
613 777 703 866 ἥρως
725 780 841 862 legitur
860 814 910 860 —,
933 779 965 842 in
981 779 1210 845 vocabulorum
1226 779 1285 845 sub
1300 779 1343 856 b)

207 881 329 949 vocalis
351 879 507 962 qualitate
529 876 627 944 valde
647 878 730 944 inter·
752 895 788 944 se
810 877 1002 960 discrepant.
1038 875 1129 955 Quae
1150 883 1263 942 tamen
1284 895 1343 942 res

206 986 312 1046 utrum
324 977 391 1060 legi
404 982 509 1043 certae
524 994 567 1040 nn
582 976 668 1050 casui
682 974 853 1040 tribuenda
864 974 914 1057 sit,
929 994 989 1059 ego
1000 994 1066 1039 non
1078 973 1340 1040 diiudicaverim.

293 1075 406 1158 Neque
428 1074 533 1140 minus
556 1072 597 1140 de
619 1074 680 1138 boc
702 1071 841 1139 dubitari
859 1077 974 1156 potest,
999 1072 1121 1139 latinae
1143 1077 1176 1138 et
1198 1090 1340 1154 graecae

208 1173 339 1257 linguae
361 1171 482 1238 vocalis
498 1182 513 1234 d
527 1171 560 1236 in
582 1169 653 1256 θήρ
671 1194 677 1234 :
685 1169 793 1254 serua
817 1169 927 1256 θῆλυς
944 1169 1095 1252 :semina
1119 1166 1224 1255 κηρός
1242 1191 1249 1233 :
1266 1189 1341 1231 ocra

207 1277 313 1337 utrum
327 1268 371 1336 ad
386 1288 585 1334 communem
603 1269 746 1352 aliquam
761 1267 926 1350 utriusque
941 1267 1051 1352 populi
1066 1271 1210 1332 aetatem
1226 1267 1341 1334 redeat

209 1385 320 1434 necne.

726 1517 819 1596 §21ss

296 1651 443 1718 Ceterum
476 1672 593 1718 unum
626 1652 723 1735 idque
755 1652 883 1735 insigne
915 1649 990 1716 huic
1017 1650 1075 1715 toti
1110 1649 1343 1734 disputationis

209 1750 294 1835 parti
310 1749 417 1816 obstat
438 1748 785 1832 impedimentum,
810 1748 904 1832 quod,
928 1768 990 1831 quc
1013 1747 1108 1813 modo
1132 1748 1205 1812 tolli
1227 1747 1347 1831 possit,

210 1848 328 1915 nescio.
373 1846 451 1912 Cum
474 1848 559 1913 enim
582 1848 727 1912 vocalem
751 1871 770 1932 η
795 1847 829 1912 in
851 1845 973 1913 suffixis
1001 1852 1098 1928 atque
1119 1843 1246 1911 flexura
1266 1863 1342 1909 con-

210 1950 353 2028 spectam
369 1943 412 2009 ad
427 1950 490 2010 vet.
507 1949 528 2007 ᾶ
545 1943 650 2010 redire
664 1944 853 2028 plerumque
867 1950 1024 2027 cognatae
1041 1945 1182 2026 linguae,
1199 1942 1344 2008 maxime

201 2041 412 2123 mansoribus,
448 2040 741 2128 comprobaverint,
776 2041 837 2106 hoc
870 2041 976 2126 capite
1008 2060 1123 2108 vereor
1152 2059 1194 2105 ne
1224 2039 1345 2106 frustra

211 2157 309 2222 saepe
331 2138 528 2222 etymologia
550 2138 584 2201 in
606 2138 762 2203 auxilium
778 2144 916 2205 vocetur.
949 2139 1055 2222 Saepe
1069 2139 1168 2221 igitur
1183 2137 1218 2201 in
1235 2136 1346 2202 medio

211 2236 419 2318 relinquetur,
442 2233 544 2298 forma
565 2235 675 2316 aliqua
689 2241 792 2326 utrum
810 2255 850 2302 ex
864 2256 988 2302 summa
1007 2235 1198 2319 antiquitate
1222 2235 1345 2300 tradita

211 2353 254 2398 an
277 2333 310 2397 in
332 2332 403 2414 ipsa
425 2349 542 2413 graeca
563 2331 676 2414 lingua
698 2339 767 2398 crta
782 2333 832 2398 sit.
864 2334 970 2417 Saepe
984 2333 1193 2417 ignorabitur,
1218 2333 1345 2398 vocalis

212 2453 231 2516 q
255 2436 359 2494 utrum
378 2423 425 2493 ad
446 2434 509 2494 vet.
533 2426 551 2491 d
575 2427 688 2494 redeat
717 2449 760 2494 an
782 2429 869 2512 apud
892 2429 1033 2497 Graecos
1057 2432 1145 2515 ipsos
1168 2449 1211 2496 ex
1235 2453 1251 2495 s
1273 2450 1346 2514 pro·

212 2525 308 2593 ducta
329 2526 382 2594 sit.
489 2565 491 2570 -

298 2623 497 2706 Quamquam
531 2621 626 2705 igitur
659 2623 700 2690 de
732 2597 867 2707 singulis
901 2625 1032 2691 vocibus
1061 2623 1161 2691 valde
1194 2624 1345 2692 dubitare
1407 2641 1413 2660 ⁴

212 2722 297 2803 licet,
320 2727 429 2787 tamen
451 2740 517 2787 rem
540 2719 587 2785 ita
609 2720 844 2805 disponendam
860 2723 1122 2803 existimavimus,
1146 2727 1181 2786 ut
1203 2724 1346 2806 primum

213 2839 253 2887 ea
270 2819 433 2885 uocabula
460 2825 732 2900 enumerarentur,
760 2838 844 2902 quae
872 2839 977 2903 neque
1004 2819 1071 2885 alia
1098 2819 1208 2902 indog.
1233 2820 1347 2903 lingua
1481 2869 1482 2872 ,

212 2935 317 2998 neque
345 2934 463 2998 graeca
491 2916 563 2999 ipsa
583 2916 624 2988 s'n
654 2916 796 2983 eiusdem
826 2916 943 2984 radicis
972 2917 1217 2984 formationibus
1245 2922 1267 2981 ᾶ
1291 2938 1346 2984 ex-

212 3013 345 3078 hibente
367 3010 473 3096 apud
501 3012 615 3097 ipsos
638 3012 818 3080 Graecos
846 3015 967 3081 vocalis
991 3037 1006 3080 e
1029 3014 1244 3098 productione
1267 3041 1287 3102 q
1310 3016 1346 3081 in

212 3107 353 3174 radicem
375 3108 540 3191 accepisse
563 3110 656 3176 nobis
677 3109 880 3177 videbantur.
924 3112 995 3178 Huc
1016 3131 1093 3178 vero
1114 3111 1235 3179 refero:

302 3207 330 3282 l)
353 3198 523 3292 ὑπηρέτης
539 3210 614 3285 (52).
639 3206 780 3292 ἐρέσσω,
804 3205 955 3293 ἐρετμός,
977 3205 1136 3296 ἁλι-ήρης
1158 3208 1198 3274 of.
1215 3208 1350 3277 Curtius-

212 3306 327 3388 etym.⁴
350 3305 426 3368 345:
465 3310 559 3382 „sort
583 3309 713 3370 arr-abb
742 3325 817 3389 mag
839 3306 911 3372 sich
939 3306 1039 3374 daber
1061 3307 1163 3375 direct
1185 3327 1246 3374 aus
1269 3307 1343 3376 dem

213 3391 445 3484 Grundbegriff
475 3400 531 3468 des
561 3403 708 3486 (lebeus,
742 3403 894 3470 Strebens
928 3400 1050 3484 (tfcr),
1083 3399 1257 3491 ὑπηρέτης
1291 3405 1347 3472 auf

212 3497 511 3582 griechisobem
535 3499 646 3567 Boden
669 3501 827 3575 zuntcbst,
843 3521 901 3567 aus
925 3500 998 3567 dem
1022 3500 1080 3568 des
1103 3501 1256 3568 Rudems
1279 3501 1348 3587 (ἕρ)
1479 3515 1480 3522 ’

213 3596 401 3664 entwlclxelt
424 3595 570 3672 haben.“'
590 3597 730 3685 τριήρης
753 3597 880 3665 Curtius
901 3618 973 3673 oum
994 3599 1064 3666 rad.
1088 3594 1142 3683 ἄρ,
1164 3596 1352 3685 ἄραρίσκωι

213 3693 264 3769 (cl.
290 3692 436 3782 δι-ῆρες)
458 3694 632 3778 coniungit,
661 3694 745 3778 quod
768 3695 902 3765 laudare
925 3695 1046 3779 dubito,
1072 3716 1143 3762 cunr
1165 3697 1199 3763 in
1226 3697 1344 3765 deficis

213 3790 360 3858 dialectis
395 3788 554 3879 τριήρης,
596 3811 661 3858 non
697 3780 864 3880 *τριᾶρης
900 3795 1026 3878 legatur
1058 3797 1137 3882 (47).
1192 3795 1345 3876 Ceterum

213 3893 313 3952 totum
335 3888 425 3952 illum
448 3889 637 3956 vocabulum
660 3909 702 3959 cx
723 3890 829 3966 ionica
851 3891 884 3956 in
906 3892 1047 3975 reliquas
1069 3891 1227 3960 dialectos
1249 3895 1348 3960 facile
1478 3887 1479 3960 i

214 3983 312 4067 recipi
334 3985 445 4067 potuit.
578 4061 580 4064 ¹
