2916 4872
479 435 602 492 schedae
618 437 819 506 grammsticae.
1170 431 1207 497 81

94 627 184 676 causa
204 609 333 692 glossae
354 607 640 691 interpretamento
662 607 823 674 adiectum
842 625 924 691 esse,
948 607 1034 692 quod
1055 627 1212 692 gramma·

7 727 9 742 ·
92 705 167 772 ticus
196 703 399 790 participium
428 700 556 782 εόολιός
584 725 655 771 cum
685 691 722 772 εό
745 725 816 772 esse
837 706 1047 790 compositum
1075 706 1210 789 putavit.

171 801 318 869 Ceterum
349 823 414 869 non
437 800 638 868 infitiandum
660 811 710 870 est
731 804 847 871 rectius
869 804 1004 871 fortasse
1027 798 1154 880 εόοιλιῦς
1176 803 1210 868 in

92 887 125 964 εὖ
146 894 234 976 dicio
256 901 383 966 mutari.

169 996 208 1062 H.
255 997 404 1065 Glossam
426 993 608 1080 ὄψερον·
638 993 832 1082 ὕστερον·
863 993 989 1062 πάλιν
1015 994 1210 1063 Schmidtius

90 1091 297 1160 addubitavit.
341 1093 407 1162 Sed
441 1113 480 1161 ea
512 1093 647 1160 fortasse
680 1094 740 1160 hoc
775 1093 871 1160 modo
898 1094 1014 1178 poterit
1043 1093 1208 1177 explicari.

90 1189 129 1255 Ut
156 1187 329 1275 ὄψορρος,
359 1210 494 1275 quocum
523 1192 658 1275 quisque
685 1209 796 1256 vocem
821 1190 917 1258 facile
944 1190 1158 1275 comparabit,
1188 1210 1209 1256 a

89 1287 152 1353 rad.
175 1309 222 1362 ον,
259 1308 305 1371 gr.
330 1286 367 1372 ἐρ
414 1290 466 1356 vel
497 1289 613 1355 rectius
642 1307 662 1354 a
690 1287 809 1354 radice
829 1287 1116 1356 desiderativorum
1146 1288 1209 1356 suf·

89 1382 145 1449 fixo
168 1407 189 1450 σ
211 1384 407 1469 amplificata
437 1381 530 1469 ὄρσ,
559 1387 648 1453 cuius
671 1404 712 1453 ex
733 1383 807 1452 aliis
828 1385 947 1469 linguis
969 1386 1207 1453 testimoniam

89 1477 180 1548 Curtii
202 1483 310 1567 Etym.
333 1502 364 1566 p.
381 1487 443 1548 546
465 1481 601 1550 collecta
622 1488 706 1565 sunt,
730 1482 911 1550 derivatum
934 1489 983 1550 est
1005 1479 1208 1568 (ὄψ-ορρ-ος

88 1597 140 1662 pro
163 1576 388 1663 ὄψ-ορσ-ο·ς,
410 1581 465 1645 cfr.
489 1579 777 1664 παλίν-ορσ-ο-ς),
799 1580 846 1645 ita
868 1575 1035 1665 ὄψι-ερον
1057 1600 1078 1646 a
1099 1580 1209 1647 radice

88 1695 146 1740 non
161 1674 357 1761 amplificata
372 1676 570 1744 descendere
580 1676 707 1743 videtur
722 1684 754 1743 et
768 1675 905 1744 eandem
918 1675 1062 1743 vocalem
1074 1678 1209 1760 praebet

45 1779 51 1793 '
88 1792 176 1854 quam
198 1773 317 1841 radicis
339 1794 379 1841 ea
399 1773 510 1856 forma,
534 1791 617 1856 quae
638 1773 672 1839 in
691 1773 866 1858 ὄρ-χ-ομαι
882 1774 1084 1858 conspicitur.
1115 1774 1208 1842 Glos-

88 1889 150 1936 sam
172 1878 279 1937 autem
301 1871 347 1936 ita
362 1872 389 1938 si
407 1871 616 1956 explicamus,
640 1869 846 1937 difficultates
868 1889 979 1938 omnes
1000 1878 1206 1938 evanescunt.

87 1969 186 2051 Atque
207 1968 565 2053 interpretamentomm
587 1966 775 2051 significatio
797 1987 869 2034 cum
890 1969 1019 2052 glossae
1033 1970 1065 2035 vi
1088 1970 1208 2053 optime

88 2066 252 2151 conspirat.

167 2164 192 2229 Ι.
235 2161 461 2247 optimust·
492 2157 642 2244 ἀστέρες.
686 2160 721 2227 Si
747 2161 874 2244 glossas
902 2162 1067 2246 γέλ-αν·
1101 2159 1206 2252 αὐγήν

86 2255 185 2343 ἡλίου,
214 2258 458 2344 γελοδοτία·
490 2255 677 2345 ἡλιοδοσὶα,
705 2259 862 2342 γελεῑν·
891 2257 1054 2342 λάμπειν·
1084 2258 1205 2328 ἀνθεῖν

86 2357 199 2440 (ysicio
216 2381 224 2422 :
240 2357 321 2441 γέλα
335 2385 378 2408 =
393 2352 507 2439 οιόγεῖν
530 2349 667 2442 ιοιόγή),
689 2356 806 2439 βέλα·
830 2353 925 2443 ἥλιος
949 2359 1004 2423 καὶ
1028 2351 1111 2445 αὐγὴ
1135 2355 1205 2423 ὕπὸ

87 2453 268 2529 Λακώνων,
293 2451 567 2537 βελλάσεται·
598 2448 831 2539 ἡλιωθήσεται
860 2458 912 2534 [ex
933 2451 1204 2537 *βελ-νά-σεται,

87 2549 355 2637 01οβέρ-να-μαι
385 2549 483 2626 (Gurt.
508 2549 601 2616 Verb.
624 2549 656 2632 Ι,
689 2553 778 2632 171),
811 2549 1034 2634 μάρ-να-μαι,
1063 2551 1206 2636 ploro-vd-

86 2671 189 2728 μενον.
233 2647 840 2734 1111100011,461010οβελοσῆται1,
873 2646 891 2712 ὄ
898 2647 983 2711 1-0·
1008 2645 1112 2734 ἥλιος,
1139 2647 1205 2715 ὄλ-

87 2749 195 2811 ᾶται·
218 2741 389 2828 piscosas,
412 2740 620 2811 εό-ελο-ν·
643 2739 777 2830 εὖήλιον
800 2763 1037 2828 comparamus,
1060 2765 1124 2811 vox
1146 2746 1205 2811 illa

86 2860 137 2925 pro
166 2841 419 2927 ὄ-γέλ-ωτοιι
446 2843 468 2906 1.
491 2860 519 2908 θ.
547 2839 802 2908 ἐ-νέλ-ωται
831 2841 885 2917 ((10
913 2839 1027 2907 suffixo
1058 2842 1113 2907 cfr.
1137 2839 1204 2908 ἆνε-

87 2937 236 3026 potores)
263 2959 336 3006 esse
366 2947 399 3006 et
425 2941 613 3006 lucentes
644 2936 827 3020 significare
855 2939 991 3006 videtur.
1043 2963 1059 3004 ε
1082 2940 1204 3007 vocalis

87 3044 130 3102 est
149 3037 336 3122 prothetioa.
381 3037 430 3104 De
452 3035 560 3102 radice
581 3035 656 3102 vide
679 3034 765 3101 curt.
789 3036 913 3120 Etym.⁴
935 3041 1007 3102 541.

164 3134 204 3200 Κ.
254 3133 307 3200 Ad
339 3134 479 3217 glossam
513 3130 532 3198 ὄ
540 3157 604 3198 ττι
612 3154 646 3210 ς·
685 3129 812 3217 ὄψεις
847 3133 931 3198 hanc
963 3131 1203 3201 adnotationem

87 3229 274 3298 Schmidtius
307 3229 492 3314 adscripsit:
536 3230 698 3314 „lonioe‘¹,
733 3230 853 3314 inquit,
885 3251 963 3315 „pro
996 3227 1106 3308 ὄπιες
1140 3231 1203 3297 dici

87 3327 319 3396 contendebant
341 3328 444 3395 Koen.
468 3326 511 3392 ad
534 3327 629 3410 Greg.
653 3327 723 3394 Gor.
753 3348 784 3412 p.
809 3331 871 3392 475
901 3335 933 3394 et
955 3326 1105 3393 Albertus
1126 3329 1203 3414 Are·

87 3429 153 3491 taeo
168 3424 313 3511 Gappad.
328 3425 372 3507 ΙΙ,
391 3429 429 3490 13
452 3427 550 3507 plo,
567 3427 607 3488 27
630 3425 681 3490 oui
703 3444 788 3491 nunc
809 3444 867 3508 pro
890 3420 1203 3507 ὄτιιες-ὄγλοιόὄεες

87 3520 237 3589 redditum
267 3527 318 3589 est
345 3517 458 3604 ὄψεις.
502 3522 539 3586 L.
568 3510 694 3599 daeg!
744 3521 944 3604 Quamquam
973 3521 1068 3603 igitur·
1094 3521 1203 3603 glossa

87 3617 183 3686 adhuc
204 3619 348 3686 exomni
370 3623 462 3702 parte
483 3625 632 3703 corrupta
653 3626 702 3686 est
720 3624 847 3704 putata,
870 3625 978 3684 tamen
1000 3617 1069 3683 sive
1091 3611 1201 3696 ὄιιεις

88 3709 197 3800 ὄψεις,
226 3715 378 3784 arcadios
400 3715 502 3782 forma
522 3721 704 3800 spuunt-g
731 3716 841 3795 (etiam
862 3718 1046 3799 τρι-οπί-ς)
1072 3713 1200 3802 collata,

88 3811 148 3879 siue
169 3810 276 3892 dmg·
300 3807 384 3897 ὄψις
407 3813 511 3880 mavis
530 3813 649 3896 legere,
671 3813 806 3880 verbum
827 3809 919 3889 ὄιιις
941 3811 1011 3878 sine
1032 3812 1100 3878 ulla
1122 3812 1202 3878 diffi-

88 3910 197 3979 cultate
218 3931 259 3978 ex
281 3907 437 3988 *da-ctu
459 3910 525 3990 (cfr.
542 3906 625 3994 ὄψις
646 3909 668 3975 1.
686 3917 714 3977 0.
738 3905 888 3988 ὄιι-σι-ς)
908 3915 1014 3994 potest
1035 3909 1201 3995 explicari.

88 4004 169 4086 Quae
189 4007 317 4091 quidem
340 4027 550 4074 consonarum
570 4005 759 4074 assimilatio
781 4007 899 4074 cretica
919 4008 1119 4093 potissimum
1142 4015 1200 4091 est,

133 4108 230 4152 Cusum
243 4121 265 4151 u.
279 4110 404 4156 Bassus,
418 4108 511 4151 Studien
525 4109 549 4149 ll.
980 4113 995 4161 fi
