2968 4866
378 373 555 480 Quaestioues
573 411 792 482 dialectclogicae
810 429 932 482 graecae.
1159 415 1220 478 287
1333 473 1344 490 ,,

105 570 226 665 mancip,
250 569 422 664 *carpeia
445 571 608 667 *siparia
622 583 655 649 in
671 583 799 670 πατήρ,
823 584 969 672 ποιμήν,
995 585 1132 676 εὐγενής
1156 612 1222 656 mn-

105 687 165 746 tata
186 681 258 746 sint.

183 778 289 860 Atque
312 797 371 862 ego
394 799 460 844 non
483 778 611 864 dubito,
641 781 717 862 quin
747 789 910 865 propter
936 785 1095 852 brevem
1125 787 1222 854 reli·

106 897 264 961 quornm
294 895 454 943 casuum
484 877 666 943 vocalem
697 886 879 963 ctcmpore
909 881 1102 964 procedente
1123 886 1222 950 nomi·

105 975 198 1040 nativi
222 993 350 1058 qnoque
371 974 493 1040 vocalis
520 975 554 1040 in
578 999 597 1060 η
627 982 749 1042 mutata
778 979 819 1044 sit
846 978 902 1044 illo
930 999 1065 1062 graecae
1093 983 1222 1066 linguae

105 1072 202 1138 studio
225 1073 475 1139 concinnitatem
499 1072 660 1156 quandam
676 1074 834 1141 vocalium
858 1076 1014 1144 efficiendi
1036 1080 1121 1146 inter
1142 1081 1223 1147 eius·

105 1169 171 1235 dcm
192 1171 334 1237 nominis
356 1189 457 1236 casus.
496 1169 535 1236 ol.
558 1171 670 1254 igitur:

303 1265 411 1352 πάτερ
512 1275 676 1353 ποιμένος
764 1268 964 1356 edyavdlclog

303 1370 434 1449 πατέρα
510 1372 651 1449 ποιμένι
761 1365 945 1454 εὖγενέ(σ)α

302 1467 447 1547 πατέρες
512 1470 658 1548 ποιμένα
805 1546 807 1551 .
844 1477 903 1535 ete.

302 1565 453 1646 πατέρας
511 1568 673 1644 ποιμένες

345 1667 404 1726 etc.
508 1663 750 1742 norprermvctc.

305 1760 417 1846 πατήρ
511 1762 640 1850 ποιμήν
766 1761 913 1848 εὐγενής.

181 1861 351 1928 Miraberis
372 1867 467 1942 certe,
495 1880 549 1926 cur
571 1861 641 1927 Elei
665 1862 755 1943 quasi
777 1862 810 1927 in
834 1863 941 1930 media
963 1864 1147 1930 mutationis
1169 1865 1222 1931 via

105 1959 309 2041 constiterint,
332 1964 367 2024 ul
383 1956 522 2045 ποιμήν,
547 1947 826 2046 εὐγονήςιπατᾶρ
850 1960 1001 2028 dicerent.
1039 1962 1113 2028 Non
1136 1962 1221 2028 enim

102 2058 200 2125 indico
224 2083 242 2144 ρ
269 2077 459 2140 consonam,
484 2077 675 2140 quamquam
698 2077 768 2122 eam
792 2058 835 2123 ad
857 2060 955 2126 breve
977 2084 999 2124 α
1021 2059 1222 2127 alliciendum

105 2158 220 2240 aliquid
244 2176 342 2242 poseo
370 2176 436 2222 non
458 2177 559 2240 nego,
589 2156 627 2226 ci.
642 2155 777 2222 ‘Curtius
800 2156 959 2241 Spaltnng
989 2158 1047 2225 des
1069 2159 1222 2225 A·Lauts

104 2276 131 2338 p.
149 2257 284 2337 llshao
306 2257 339 2320 in
355 2275 389 2321 re
405 2255 549 2321 vocalem
573 2259 594 2318 ἇ
619 2273 842 2336 conservass03
865 2276 940 2320 nam
963 2257 1049 2341 apud
1073 2259 1169 2324 Eleos
1191 2265 1224 2324 et

105 2361 174 2420 ante
196 2379 214 2437 ρ
239 2360 275 2420 at
297 2375 360 2418 non
379 2361 455 2419 ante
478 2378 496 2437 ρ
519 2373 621 2435 aequo
644 2357 665 2416 ᾶ
686 2374 743 2437 pro
766 2378 785 2438 η
803 2383 846 2405 =
868 2362 930 2421 vet.
946 2356 1222 2439 &pronuntiatum

103 2460 154 2516 cst.
197 2452 304 2531 Quam
326 2452 367 2517 ob
389 2471 456 2517 rem
479 2471 556 2516 vcra
575 2471 676 2518 causa
697 2452 730 2516 in
754 2470 791 2517 eo
814 2452 891 2516 mibi
914 2453 1020 2536 posita
1042 2472 1114 2519 csse
1135 2453 1223 2519 vidc-

104 2553 159 2628 tnr,
179 2549 268 2632 quod
283 2549 316 2614 in
332 2548 515 2615 nominibus
529 2549 595 2614 illis
617 2549 690 2613 ium.
708 2537 828 2631 πατάρ,
852 2547 961 2634 ιιάτᾶρ
979 2558 1047 2630 cto,
1072 2571 1141 2616 cum
1158 2572 1222 2616 non

104 2666 156 2728 per
177 2667 292 2713 omnes
314 2666 408 2713 casus
431 2669 446 2712 ε
470 2646 659 2713 exhiberent
685 2646 724 2713 ci.
747 2645 894 2730 πατρός,
917 2653 1038 2731 πατρί,
1060 2646 1221 2731 πατράσι,

103 2746 297 2812 concinnitas
324 2745 382 2811 illa
404 2746 562 2812 vocalium
591 2744 695 2809 minus
723 2744 958 2827 requirebatur,
990 2765 1084 2828 quam
1112 2747 1146 2811 in
1175 2766 1223 2812 re·

100 2842 198 2925 liquis.
1180 2863 1194 2882 ³

180 2942 304 3019 Restat,
329 2946 364 3005 ut
385 2959 489 3023 pauca
511 2941 611 3006 verba
634 2941 674 3007 de
696 2960 781 3005 nom.
804 2961 854 3024 ag.
877 2961 936 3023 per
958 2960 1068 3036 omnes
1087 2961 1179 3008 casus
1201 2968 1236 3030 η·

102 3037 325 3105 exhibentibus
348 3037 515 3103 addamus.
553 3036 691 3104 Omnino
709 3039 794 3105 enim
816 3039 932 3104 bacin
955 3059 990 3105 re
1012 3040 1109 3104 laudo
1125 3041 1223 3124 Brug-

102 3137 183 3201 mani
211 3135 308 3214 (stud.
338 3137 385 3200 IX
407 3139 479 3212 397)
510 3137 716 3214 sententiam,
747 3138 780 3202 in
810 3158 905 3220 quam
932 3138 1061 3222 egregio
1089 3136 1223 3204 Ostboffi

103 3233 180 3300 libro
205 3233 256 3310 (N
262 3234 361 3299 -decl,
385 3235 620 3300 Paul-Braune
645 3235 693 3300 ΙΙΙ
719 3239 747 3313 1)
775 3237 858 3302 lecto
886 3243 919 3301 ct
944 3236 1015 3319 ipse
1035 3236 1222 3318 incideram,

102 3350 160 3412 qua
181 3333 371 3400 existumat:
399 3330 496 3409 „dasz
512 3331 564 3396 die
579 3352 664 3396 nom.
680 3352 731 3415 ag.
747 3334 816 3399 ihre
831 3334 1073 3422 ursprtlngliobe
1088 3335 1224 3400 Stamm·

102 3427 177 3494 form
204 3430 240 3494 in
270 3429 327 3494 der
350 3429 553 3494 Declination
581 3430 727 3512 gtnnlieh
751 3431 937 3513 eingebilszt
962 3431 1084 3510 haben,
1114 3431 1223 3496 indam

103 3527 224 3593 lberali
241 3525 295 3592 dic
309 3527 421 3593 starke
433 3527 674 3611 cingedrungen
689 3529 763 3594 ist.“
794 3529 836 3594 Ut
850 3529 946 3611 igitur
957 3525 1095 3611 πατρός,
1110 3533 1222 3614 πατρί,

103 3623 250 3709 πατράσι
275 3630 350 3706 etta,
382 3624 428 3689 sie
455 3625 615 3707 quondam
647 3624 760 3712 ἰατήρ,
790 3623 930 3709 *ἰατρός
960 3625 1011 3704 (cf.
1039 3623 1222 3708 ἰατρ-ό-ς)

102 3719 216 3807 *ἰατρέ
230 3740 290 3805 pro
307 3719 455 3806 ἰατῆρος,
480 3720 592 3808 ἰατῆρι
613 3723 883 3802 declinatum'est‚
901 3730 1019 3807 ,postea
1034 3724 1223 3788 nominativi

102 3818 199 3888 torma
221 3820 257 3883 in
279 3819 419 3902 reliquos
442 3839 534 3886 casus
556 3823 714 3886 translata
736 3831 784 3887 est
806 3821 917 3887 eodem
941 3820 1045 3902 modo,
1070 3841 1163 3905 quem
1189 3822 1223 3887 in

103 3919 248 3983 omnibus
282 3917 349 3982 lenc
382 3918 500 4000 linguis
528 3917 796 4001 indogermanieis
831 3918 968 4002 perspici
1001 3939 1096 4001 posse
1125 3920 1225 4004 Brug-

99 4033 209 4082 manns
232 4015 309 4094 (ἓ-Ἱ)
333 4014 434 4081 docet.
