2916 4872
232 395 294 458 108
724 399 856 454 Baunack

231 594 301 641 cum
331 574 434 658 sigma
459 573 544 646 inter
564 573 694 638 vocales
716 571 889 639 elicerent
911 573 1073 640 Laconum
1095 573 1143 640 ita
1168 572 1349 656 Argivorum

230 672 402 757 peculiaris
431 691 500 738 mos
530 671 588 754 sit,
617 670 707 736 cuius
734 670 782 735 rei
810 672 960 755 exempla
981 671 1057 758 Ahr.
1082 672 1125 753 ΙΙ,
1149 673 1190 737 78
1220 671 1350 755 collegit.

230 773 274 837 At
294 770 469 836 Dorienses
495 767 762 854 permutationem
784 791 804 831 a
826 767 859 833 in
883 790 904 834 σ
924 776 1001 836 ante
1024 795 1036 835 ι
1058 771 1200 837 maxime
1220 770 1350 836 ionicam

229 869 327 954 plane
349 868 510 952 ignorant.
541 866 649 947 Quare
665 864 763 931 (lurtii
787 865 959 948 explicatio
983 868 1093 946 (Verb.
1108 869 1134 951 I,
1157 872 1233 944 205)
1256 869 1351 952 magis

230 967 393 1051 probatur,
422 965 475 1049 qni
496 963 578 1030 illud
601 967 663 1029 ποί
680 983 726 1042 ,ex
748 968 885 1044 *ποιτι,
916 964 1001 1048 quod
1023 986 1081 1051 per
1103 965 1296 1051 epenthesin
1317 987 1351 1033 er
1438 995 1439 998 ¹

231 1070 314 1130 ποτί
334 1065 452 1132 sactum
473 1068 551 1144 erat,
574 1061 650 1128 dein
666 1086 677 1127 ι
693 1067 888 1146 postremos
903 1064 1028 1130 abiecto
1043 1071 1154 1130 natum
1175 1054 1250 1132 esse
1274 1063 1350 1130 dicit.

231 1162 289 1229 (lui
313 1161 441 1246 quidem
457 1161 605 1245 exemplo
619 1161 786 1244 aptissimo
802 1168 850 1227 est
869 1162 963 1227 tertia
985 1163 1164 1247 praesentis
1186 1163 1354 1246 singularis

231 1267 343 1347 φέρει,
366 1279 448 1343 quac
470 1260 562 1325 nulla
583 1259 772 1342 interposita
793 1257 993 1326 dubitatione
1008 1279 1049 1324 ex
1071 1265 1225 1346 *pepusa
1250 1259 1352 1348 *φερ-

232 1382 315 1424 ει-τι
341 1351 402 1433 (zd.
426 1357 600 1436 bar-uidi),
630 1362 776 1442 *φερειτ
805 1355 872 1433 (cfr.
895 1361 1015 1443 φέρέις
1037 1376 1078 1423 ex
1100 1356 1262 1445 *φίρεσι)
1291 1365 1352 1423 ortu

232 1462 290 1522 est.
335 1452 445 1522 Obiter
466 1456 528 1520 hoc
549 1454 621 1519 loco
642 1453 684 1519 ad
707 1454 921 1537 epenthesecs
943 1455 1137 1538 testimonia,
1162 1476 1246 1540 qnae
1268 1457 1351 1540 velp
1441 1526 1442 1555 ¹

232 1556 437 1636 (Πειρίθοος
459 1551 521 1631 (ad.
541 1553 649 1637 pairs),
673 1556 822 1638 Σείριος,
847 1548 990 1633 icareos,
1014 1549 1163 1639 ὄνειρος,
1184 1551 1353 1637 μάγειρος)
1441 1589 1442 1596 1

229 1651 324 1716 velt
353 1651 542 1732 (θεμείλια,
573 1648 714 1727 noetis,
745 1651 889 1727 κοίλιος,
918 1669 1006 1734 cypr.
1031 1649 1134 1715 attae
1156 1671 1214 1736 pro
1238 1646 1352 1728 ἄλλων)

231 1749 283 1814 vel
299 1773 316 1812 ν
340 1747 418 1827 (siri
433 1753 580 1834 φοίνιος)
596 1748 762 1814 interiecto
778 1766 842 1812 non
857 1767 931 1812 rara
945 1754 1029 1829 sunt,
1052 1747 1136 1836 είλη,
1160 1768 1244 1832 quae
1258 1749 1352 1814 forma
1442 1809 1443 1816 ,

231 1845 339 1913 Curtio
369 1848 506 1931 (Ειςιιιι.4
527 1867 559 1930 p.
584 1850 658 1920 541)
688 1845 851 1928 explicatu
879 1843 1018 1911 difficilis
1041 1865 1112 1912 esse
1133 1844 1272 1928 videtur,
1300 1866 1351 1930 pro

231 1943 365 2031 *fet-tp
390 1944 456 2021 (cfr.
480 1940 580 2010 ‹lt-to
601 1950 658 2009 att.
682 1939 782 2009 ἆλ-έα
804 1963 862 2026 pro
884 1943 1001 2008 fol-ra
1025 1942 1150 2022 [ὃωσίω
1174 1953 1207 2010 et
1230 1943 1351 2023 δωσέω,

230 2047 368 2125 Βορρᾶς
391 2061 432 2106 ex
454 2047 608 2124 *Βοριας
630 2048 662 2106 et
684 2044 854 2127 Βορ-έας],
878 2041 932 2106 cfr.
956 2039 1085 2127 tt-dvp,
1109 2041 1240 2120 σε’ί-οις)
1262 2048 1351 2125 atque
1443 2049 1444 2082 l

232 2134 325 2205 εἷσον
342 2137 440 2222 (apud
457 2139 652 2223 Hesychium
675 2135 821 2222 ἀγαθόν)
844 2159 903 2222 pro
926 2137 1061 2204 *du-ror
1083 2139 1151 2217 (cfr.
1168 2128 1349 2218 io-v'=ad,

232 2235 325 2302 ίσ-ίό
335 2260 372 2313 -ς,
396 2243 453 2302 att
473 2233 663 2313 ta-o-ts-g,
686 2242 761 2300 oret.
779 2234 874 2313 ἐλίός
896 2236 1041 2315 assimil.)
1063 2235 1186 2304 addere
1208 2238 1313 2304 velim.

268 2395 275 2406 ·
316 2367 449 2433 Formas
481 2367 577 2450 igitur
607 2368 715 2433 varias
748 2368 839 2432 nulla
869 2366 1055 2434 difficultate
1088 2368 1162 2434 huic
1195 2368 1348 2436 stemmati

231 2466 307 2531 licet
328 2467 485 2532 inserere:

750 2568 840 2652 prati

317 2692 421 2774 προτί
722 2683 851 2770 *napae
1133 2686 1266 2840 *πρῖσι

1161 2839 1251 2922 πρός

528 2809 730 2890 cred-mopsi
752 2807 919 2892 pamphyl.
941 2809 1067 2889 περτ(ί)

620 3010 692 3093 poti

231 3129 305 3194 dor:
315 3093 1002 3212 nemmem
1012 3127 1140 3206 (cfmd.
1153 3131 1245 3212 poili,
1252 3125 1351 3214 padi)

324 3277 392 3433 πῖίτ
434 3301 498 3348 arc.
519 3301 606 3366 cypr.
622 3279 689 3432 πῗς
899 3286 1006 3432 *aazias

331 3458 378 3500 πο
631 3459 678 3499 πο
933 3438 996 3498 ποί

303 3603 512 3694 Gravissima,
524 3623 578 3670 cur
590 3604 692 3688 προτί
704 3610 735 3669 et
746 3607 827 3668 ποτί
838 3605 1053 3688 seiungamus,
1064 3602 1176 3686 argiva
1187 3601 1246 3668 illa
1256 3602 1353 3667 forma

172 3755 174 3760 .
230 3723 329 3770 causa
351 3709 409 3785 est,
433 3722 528 3784 quam
554 3703 631 3768 item
658 3721 698 3767 ex
718 3702 809 3784 praa·
827 3700 1114 3786 permutationibus
1135 3699 1243 3766 multis
1264 3697 1353 3764 factis

231 3809 333 3867 ortam
349 3820 420 3867 esse
434 3800 513 3866 mihi
530 3822 594 3867 non
617 3798 838 3883 persuadetur.
869 3800 953 3867 Fien'
969 3805 1076 3865 autem
1095 3816 1202 3882 posse,
1226 3803 1259 3863 ut
1274 3795 1352 3861 duae

232 3899 494 3983 praepositiones,
511 3899 571 3965 etsi
587 3898 735 3964 diversae
750 3897 882 3980 originis
900 3905 983 3979 sunt,
1000 3903 1109 3963 tamen
1124 3895 1243 3962 sensim
1259 3893 1350 3977 signi-

231 3996 412 4062 ficationum
433 3995 587 4063 distantia
602 4000 782 4078 exaequata
797 3995 934 4062 eandem
949 3995 1014 4060 vim
1030 3993 1200 4078 accipiant,
1222 3993 1257 4058 id
1270 3986 1350 4074 quod
