2968 4866
115 403 118 409 '
228 393 289 456 268
725 395 859 451 Schrader

314 567 408 635 Certe
430 589 489 635 nos
511 569 641 652 egregio
663 569 720 633 illo
737 570 938 635 Democratis
960 569 1051 634 titulo
1068 567 1242 655 Olympiae
1256 591 1353 655 nuper

228 666 353 734 detecto
376 668 474 742 (arch.
497 667 576 733 Zeit.
596 670 676 733 1876
698 687 730 750 p.
749 669 808 732 183
824 674 906 749 squ.)
929 666 990 732 viri
1013 665 1183 733 clarissimi
1204 667 1353 734 iudicium

227 774 270 836 et,
288 764 423 830 laudare
458 771 490 830 et
525 764 733 848 comprobare
768 763 931 830 debemus.
983 764 1052 830 Hoc
1082 785 1174 844 vero,
1207 767 1353 850 quoniam

226 875 351 928 summa
374 862 616 946 disceptationis
644 862 678 927 in
706 881 746 928 ea
775 881 810 927 re
839 861 945 945 posita
968 869 1031 943 est,
1062 882 1103 928 ex
1124 864 1205 948 ipsis
1228 864 1354 930 dialecti

226 959 370 1043 reliquiis
393 959 677 1027 demonstrandum
700 964 759 1026 est.
803 959 991 1026 Levioribus
1013 967 1119 1026 autem
1142 961 1251 1028 missis
1278 962 1354 1028 haec

227 1059 367 1125 maxime
388 1059 422 1122 in
443 1057 595 1123 iudicium
617 1058 765 1123 veniunt:

311 1157 336 1222 Ι.
365 1157 413 1222 Ac
434 1155 572 1239 primum
596 1154 693 1219 lllea
716 1152 872 1220 dialectos
895 1153 976 1220 duas
998 1175 1049 1222 res
1071 1176 1142 1222 cum
1165 1177 1244 1222 una
1259 1157 1353 1223 Les-

227 1255 345 1320 biaca
371 1272 555 1320 communes
578 1253 699 1317 habere
721 1250 863 1317 videtur:
1167 1249 1189 1292 ⁴

316 1356 345 1428 1)
374 1351 515 1416 aarum
544 1349 578 1415 (1.
605 1351 630 1415 Ι.
660 1369 707 1432 gr.
734 1354 782 1414 11.
816 1349 901 1414 hom.
932 1346 1078 1428 ἱππότα,
1108 1351 1354 1438 νεφεληγερέτα

227 1446 316 1526 Ζεύς
345 1455 421 1532 etc,
451 1467 533 1530 quac
560 1447 683 1514 aeolica
711 1447 859 1512 dicuntur
886 1446 925 1513 cf.
952 1446 1112 1514 Hinrichs.
1146 1469 1179 1531 p.
1203 1452 1243 1514 93
1267 1470 1352 1533 sequ.

228 1548 401 1648 Brugman.
426 1545 510 1612 stud.
532 1547 633 1629 IXp.
651 1547 747 1610 259
736 1565 823 1628 sequ:

204 1631 208 1640 ⁵
313 1647 437 1710 Tamen
467 1651 499 1710 et
527 1643 630 1710 latina
658 1641 777 1720 scribo,
809 1653 920 1714 nauta,
950 1641 1052 1705 ziscolo
1076 1648 1107 1708 et
1130 1641 1228 1709 dorio.
1243 1651 1354 1709 ναῦτα

228 1742 308 1823 (0.1
325 1764 372 1826 gr.
383 1742 503 1808 1930l.
526 1743 590 1807 vol.
606 1741 639 1806 II
661 1739 828 1806 addenda·
822 1759 957 1824 ,neque
979 1747 1086 1805 tamen
1110 1742 1264 1806 tacuerim
1286 1743 1355 1809 fieri

225 1841 370 1925 potuisse
398 1840 432 1905 in
460 1841 522 1905 hoc
550 1838 658 1921 titulo,
688 1845 724 1904 ut
746 1837 886 1904 crinale
908 1838 1062 1915 interiret)
1092 1840 1268 1906 ostendunt
1295 1841 1354 1906 has

227 1939 423 2005 formaster
410 1938 516 2020 tiques
538 1937 645 2021 potius
668 1955 738 2002 esse
761 1955 857 2018 quam
879 1936 1037 2018 aeolicas;
1070 1944 1179 2016 erant,
1209 1945 1244 2003 ut
1270 1945 1355 2004 recte

226 2037 273 2102 ait
293 2036 542 2120 Brugmanus,„
550 2042 631 2100 starr
653 2032 718 2098 und
738 2034 813 2100 stell
832 2034 1006 2117 gewordne
1021 2034 1275 2118 Ablagerungen
1297 2057 1355 2102 aus

227 2135 344 2200 tlterer
365 2133 466 2198 Zeit‘t

313 2233 343 2308 2)
365 2229 479 2294 Paullo
501 2228 632 2293 maioris
647 2228 799 2294 momenti
814 2227 932 2294 luerint
954 2227 1213 2293 accusativi'
1204 2250 1247 2293 ιιι
1270 2254 1354 2308 -οις

226 2331 255 2404 (-
239 2337 365 2409 ο-ιρ),
398 2327 450 2410 qui
480 2327 629 2410 pariter'
621 2348 653 2391 m
678 2327 759 2391 Elea
780 2326 907 2407 atque'
899 2348 932 2391 ιιι
954 2325 1112 2392 Lesbiaca
1142 2326 1282 2394 dialecto
1310 2330 1354 2396 le·

226 2432 344 2508 guntur
372 2444 400 2490 e.
422 2445 469 2507 gr.
494 2425 533 2490 el.
564 2426 605 2490 ol.
629 2446 719 2491 nou:
758 2421 873 2506 ἄλλοιρ
899 2444 929 2489 v.
954 2427 983 2489 8.
1014 2427 1191 2507 καταξίαιρ
1218 2423 1353 2511 χάριτερ

226 2543 256 2589 v.
276 2528 324 2589 16.
369 2524 419 2588 De
442 2521 563 2606 origine
586 2523 757 2588 formarum
781 2528 866 2586 recte
888 2529 1119 2588 monuerunte
1101 2523 1354 2606 etBrugmanus

227 2621 322 2696 (stud.
339 2621 507 2699 lvaotet
495 2621 554 2687 t.J
571 2621 766 2687 Schmidtius
789 2619 1135 2698 (ιοα111211ιι1111ε
1158 2640 1224 2685 non
1247 2622 1354 2687 vini

225 2720 341 2784 mutari
351 2739 464 2802 ‚quae
487 2725 535 2785 est
556 2738 741 2802 graecorum
763 2717 1046 2829 grammaticorum·
1063 2716 1225 2801 doctrina,
1251 2718 1310 2785 sed
1333 2741 1352 2784 σ

227 2837 400 2883 consonam
423 2819 530 2884 littera
553 2842 569 2882 ν
593 2815 760 2882 debilitata
781 2835 894 2880 sonum
919 2839 931 2878 ι
952 2815 1112 2896 genuisse.

312 2913 512 2996 Quamquam
530 2915 637 2979 etiam
666 2912 762 2979 hac
754 2933 787 2976 m
817 2932 852 2977 re
875 2912 983 2977 Lesbii
1009 2919 1042 2978 et
1063 2912 1135 2978 Elei
1164 2882 1263 2981 valde
1293 2915 1352 2980 dis·

227 3020 374 3093 crepant;
398 3031 472 3075 nam
496 3030 566 3076 cum
566 3010 676 3096 apud
697 3010 771 3076 illos
791 3029 1002 3093 unaquaeque
1016 3029 1177 3076 consonae
1194 3034 1215 3076 o
1230 3013 1350 3096 species

226 3109 335 3174 littera
363 3132 380 3172 ν
410 3108 545 3191 explosa
570 3109 715 3174 vocalem
739 3133 751 3172 ι
779 3108 909 3191 gignat,
939 3107 977 3172 oi.
1000 3108 1080 3174 lesb.
1103 3113 1176 3184 τοίς
1200 3129 1241 3174 ex
1266 3106 1349 3186 τόνς,

226 3215 310 3282 παῖς
338 3225 379 3270 ex
400 3202 565 3284 *παπ-ς,
596 3206 737 3271 λίποισα
768 3227 809 3272 ex
830 3203 1030 3289 *tsaovcja
1060 3204 1148 3289 apud
1171 3206 1268 3274 Eleos
1290 3228 1352 3273 una

105 3353 106 3357 ,
226 3311 320 3370 vetus
342 3303 401 3368 illa
422 3322 564 3369 consona
594 3325 629 3384 σ,
661 3304 766 3385 qualis
789 3303 1054 3385 indegermanica
1075 3309 1182 3370 aetate
1205 3311 1291 3388 erat,
1321 3304 1351 3369 vi

127 3490 130 3495 .
226 3423 338 3470 sonum
368 3403 383 3464 z'
408 3399 562 3484 gignendi
591 3402 739 3467 utebatur
767 3401 806 3466 cf.
830 3397 945 3485 ἄλλοιρ
975 3420 1015 3466 ex
1044 3396 1178 3478 ἄλλοις,
1209 3407 1282 3479 τοίς
1312 3421 1350 3468 ex
1478 3433 1479 3488 j

225 3498 303 3576 τόνς
325 3505 390 3582 got.
404 3497 501 3583 poam
526 3522 547 3564 σ
562 3518 602 3565 ex
624 3522 644 3562 c
665 3506 775 3564 natum
799 3519 838 3564 ea
859 3498 989 3563 carebat
1011 3497 1050 3562 cf.
1066 3503 1179 3562 πᾶσαν
1203 3519 1233 3564 v.
1251 3503 1289 3564 12
1311 3517 1349 3564 ex

226 3595 393 3680 *παντ]“α,
420 3591 707 3661 ἀνταποδιδιῦσσα
729 3616 759 3662 v.
779 3599 816 3660 17
840 3615 881 3661 ex
903 3593 1093 3679 *dodoocjm
1137 3593 1260 3674 Quodsi
1282 3595 1347 3679 quia

226 3691 513 3759 ἀνταποδιδιῦσσα
535 3702 720 3777 comparato
747 3701 884 3759 πᾶσσαν
906 3713 965 3776 pro
988 3700 1100 3758 πᾶσαν
1124 3692 1345 3776 expectarent,

226 3793 307 3858 haec
335 3793 407 3876 ipsa
434 3791 536 3857 torma
563 3791 679 3875 legitur
706 3793 740 3857 in
769 3811 870 3875 parvo
900 3790 1047 3874 quodam
1067 3781 1158 3856 titulo
1182 3788 1344 3875 Olympiae

225 3895 352 3973 reperto
376 3891 483 3968 (Arch.
506 3888 585 3954 Zeit.
611 3892 703 3955 1877.
726 3889 766 3955 Η.
783 3894 814 3954 l:
837 3885 975 3976 πάσαης
997 3884 1144 3974 ἀρετῆς).

314 3986 446 4052 Accedit
473 3987 558 4069 quod
587 3986 715 4052 dialecti
744 3985 839 4053 etiam
864 3985 1061 4069 digressione
1089 3985 1174 4052 facta
1201 3985 1234 4050 in
1260 4001 1339 4050 accu-
