2968 4866
367 415 545 484 Quaestiones
563 413 781 482 dialectelcgieae
797 428 918 482 graecae.
1147 411 1208 474 283

175 588 330 671 Concede,
357 589 383 655 si
400 587 530 654 aliunde
544 593 706 655 constaret
720 610 876 671 πατερ-ς,
898 608 1068 668 necnec-c,
1092 585 1212 670 δυσγε-

100 709 184 765 vec-9
198 706 338 770 unquam
352 687 386 750 in
408 705 525 768 graeca
539 684 651 770 lingua
665 705 736 753 esse
759 687 973 767 pronuntiata,
996 685 1085 751 illam
1108 685 1211 750 sclam

99 785 158 851 fere
171 785 255 850 viam
271 803 311 850 ex
326 784 483 866 angustiis
498 801 571 850 sese
585 782 789 868 expediendi.
828 783 941 865 Neque
955 789 1064 849 tamen
1079 781 1123 848 ad
1144 783 1211 848 tale

99 882 261 948 remedium
276 880 523 964 confugiendum
546 887 603 948 est.
647 881 782 948 Accedit
795 880 890 960 enim,
913 881 999 964 qued
1013 881 1144 965 linguae
1165 881 1212 946 in·

100 980 333 1064 degermanieae
360 980 393 1044 in
416 1000 501 1046 nom.
524 980 606 1062 sing.
631 999 738 1046 eorum
761 980 941 1061 nominum,
970 979 1148 1062 dequibus
1171 978 1212 1044 lis

100 1084 149 1158 est,
170 1083 224 1144 aut
237 1083 466 1160 nusquamaut
480 1077 642 1144 rarissime
660 1101 688 1140 -s
710 1078 874 1146 exhibent.
912 1078 1108 1144 Veterrimae
1123 1077 1211 1143 enirn

100 1175 359 1242 sanseriticae
397 1173 518 1243 formae
556 1175 589 1244 in
623 1175 776 1265 iigvedae
811 1177 1005 1243 carminibus
1041 1177 1209 1259 leguntur:

100 1258 204 1352 mettin,
235 1272 345 1346 dcitur,
379 1272 512 1338 cc'bhedn
542 1273 754 1351 (Grassmann
781 1274 938 1341 Wbrterb.
967 1295 994 1340 z.
1023 1275 1102 1361 iigv.
1126 1273 1210 1351 Vll),

100 1373 269 1438 bactrica
297 1372 409 1454 lingua
430 1371 577 1437 exhibet:
609 1372 692 1454 pite,
721 1381 823 1457 acme,
845 1365 996 1436 burcardo.
1042 1373 1091 1438 De
1118 1391 1213 1454 ger-

100 1470 257 1535 manicis
286 1475 319 1536 et
350 1469 625 1536 litu-slavicis
654 1470 764 1537 formis
792 1470 987 1536 Leskienius
1014 1489 1118 1554 nuper
1147 1470 1213 1552 egit

100 1568 191 1644 (Decl.
213 1569 256 1633 im
277 1587 378 1650 germ.
400 1565 467 1635 und
489 1567 684 1643 slavo-lit),
706 1587 777 1634 curn
799 1567 1034 1635 demonstraret
1056 1588 1087 1651 p.
1104 1570 1154 1648 20,
1172 1571 1212 1632 23

100 1668 289 1747 germanicas
315 1665 433 1730 formas
455 1665 488 1729 in
517 1685 578 1728 --nr
600 1671 632 1730 et
659 1687 722 1728 -cc
744 1665 882 1749 (fadar,
910 1665 1011 1746 dccc)
1033 1664 1076 1729 ad
1099 1674 1159 1727 -er
1182 1670 1213 1728 et

100 1773 153 1826 -cc
179 1784 243 1829 non
274 1785 352 1826 -arr
381 1769 414 1829 et
442 1782 521 1825 -cnc
541 1760 655 1830 redire.
700 1765 737 1828 ln
759 1763 974 1830 litu-slavicis
999 1762 1118 1845 linguis
1148 1781 1213 1826 una
1272 1830 1274 1834 ,

99 1861 210 1927 slavica
230 1860 335 1928 forma
355 1861 389 1926 in
411 1882 456 1944 -ῃ,
479 1859 574 1944 damy
596 1860 639 1926 ad
661 1859 756 1924 *nn-s
777 1860 926 1928 recedere
948 1859 1083 1926 videtur.

174 1960 319 2024 Latine
348 1957 486 2040 denique
514 1958 626 2042 lingua
649 1959 794 2026 exhibet:
827 1949 935 2043 perir,
959 1959 1070 2034 dator,
1090 1967 1211 2040 pecten,

99 2077 206 2135 reuco,
234 2055 349 2129 donos',
380 2056 547 2122 celtica:
585 2055 706 2129 atbair,
743 2056 901 2130 bratteis,
932 2056 1097 2120 comdarsu
1126 2059 1211 2138 (gen.

100 2154 347 2236 comburentis-e),
368 2155 511 2238 ycntecc'r
533 2144 687 2238 (jnnitci).
716 2173 720 2178 ·

174 2253 210 2318 In
232 2253 294 2319 hoc
315 2253 497 2335 linguarum
519 2251 628 2334 indog.
650 2258 735 2318 statu
756 2253 821 2319 iarn
840 2253 1014 2320 Schererus
1035 2256 1074 2331 (a.
1097 2252 1213 2318 Gesch.

100 2347 127 2412 d.
147 2349 176 2414 d.
196 2351 266 2434 Spr.
292 2371 323 2434 p.
340 2353 414 2427 316)
437 2349 570 2416 nomina
591 2350 657 2430 illa,
680 2349 721 2416 de
743 2351 858 2432 quibus
879 2352 995 2434 agitur,
1017 2371 1157 2433 unquam
1180 2351 1214 2416 in

99 2467 174 2514 nem.
196 2449 278 2532 sing.
306 2471 322 2511 a
349 2448 501 2515 habuisse
529 2449 675 2532 negavit,
708 2468 774 2513 una
800 2449 922 2515 vocalis
955 2451 973 2512 d
1005 2449 1215 2533 productione

99 2547 321 2614 nominativum
343 2545 554 2628 significatum
578 2565 649 2612 esse
671 2546 844 2611 contendit.
889 2547 958 2611 Huc
980 2548 1040 2613 etsi
1061 2546 1215 2612 audacius

99 2663 184 2724 quarn
206 2645 315 2712 verius
338 2644 456 2711 dictum
480 2663 552 2711 esse
572 2642 703 2710 videtur
721 2645 850 2715 -nen
873 2644 958 2710 eninr
981 2643 1110 2725 dubito,
1137 2644 1214 2727 quin

99 2740 200 2825 lingna
226 2743 286 2808 illa
317 2743 422 2825 prima
453 2741 487 2807 in
515 2742 643 2808 casibus
675 2740 893 2824 significandis
922 2741 1084 2824 quondam
1117 2762 1214 2807 unam

100 2845 186 2922 atque
216 2840 355 2907 eandem
391 2840 547 2906 rationem
582 2845 692 2906 secuta
720 2839 777 2921 sit,
804 2874 846 2887 -
872 2845 982 2906 temen
1011 2839 1093 2906 illud
1122 2841 1212 2905 nullo

99 2938 185 3003 modo
207 2939 320 3021 negari
342 2942 458 3021 potest,
481 2939 515 3002 in
530 2937 678 3004 omnibus
700 2937 765 3004 illis
787 2938 970 3004 numinibus
990 2938 1055 3004 iam
1078 2938 1215 3022 prisce

100 3039 291 3120 tempore,
326 3035 360 3100 in
390 3034 581 3117 quibusdam
613 3035 750 3103 fortasse
776 3035 842 3102 iam
870 3056 916 3103 ea
948 3043 1103 3118 aetate,
1140 3055 1217 3119 qua

100 3131 232 3216 lingua
252 3131 390 3216 indog.
414 3153 491 3199 una
512 3133 730 3216 iuit‚'vecali
744 3141 843 3202 antea
864 3133 1019 3219 producta
1034 3135 1173 3200 litteram
1189 3156 1218 3195 -s
1243 3125 1245 3130 ’

100 3232 281 3298 nominativi
314 3248 386 3297 esse
419 3231 591 3298 abiectam.
637 3231 731 3311 Quod
763 3252 839 3299 vero
871 3251 942 3298 cum
976 3232 1023 3300 ite
1056 3232 1110 3315 sit,
1146 3251 1218 3314 pro·

100 3326 199 3397 babile
219 3351 285 3396 non
315 3327 456 3410 videtur,
488 3330 574 3412 apud
595 3329 683 3414 ipsos
705 3330 846 3397 Graecos
867 3330 1028 3413 quondam
1047 3345 1217 3411 ’πατερ-ς,

101 3447 262 3508 necnec-g,
286 3425 483 3512 dvcyenwc
506 3426 659 3495 valuisse.

178 3526 237 3591 Hie
266 3525 425 3608 quispiam
453 3525 597 3590 attulerit
628 3525 746 3591 termas
774 3524 864 3600 illas,
878 3524 1058 3592 rarissimas
1085 3521 1217 3606 μάκαρς

102 3620 194 3688 Alcm.
218 3627 269 3689 64.
302 3627 382 3706 χέρς
403 3624 540 3688 Timocr.
565 3626 594 3688 6.
627 3623 665 3690 ei.
688 3623 968 3704 Abrens112283
993 3620 1111 3689 dixerit
1132 3621 1217 3687 enirn

101 3715 224 3786 inillis
261 3721 353 3803 quasi
393 3720 546 3803 reliquias
583 3711 739 3803 quasdam
774 3721 916 3806 conspici
951 3720 1018 3788 eius
1053 3718 1216 3802 temporis,

101 3832 158 3895 quc
179 3817 295 3884 Graeci
323 3838 534 3885 consonarum
565 3819 768 3902 complexum
791 3842 845 3902 ρς,
876 3841 913 3896 νς
940 3816 1082 3883 nondum
1112 3836 1221 3900 asper·

102 3912 164 3978 nati
184 3915 259 3980 sint.
302 3917 371 4000 Ege
398 3916 510 4001 paucis
531 3916 595 3982 illis
616 3916 726 3982 formis
747 3916 969 4000 gravissimam
991 3915 1082 3981 illam
1105 3915 1220 3998 legem,

102 4026 160 4089 quc
179 4013 341 4094 quondam
357 4015 535 4081 litterarum
558 4039 577 4097 ρ
600 4021 632 4080 et
655 4037 676 4080 σ
697 4014 952 4082 coniunctionem
975 4013 1127 4080 evitatam
1149 4033 1220 4081 esse
