2968 4866
247 401 309 462 302
538 474 542 483 ι
745 402 879 457 Schrader

248 596 319 644 esso
340 575 503 642 iudicavit.
537 575 599 641 Ille
620 574 717 657 igitur
740 595 767 640 e.
787 595 819 658 g.
841 573 993 661 πονηρός
1015 596 1036 640 a
1057 580 1182 654 πονέω,
1206 575 1371 664 nond-ow,

248 676 300 741 hic
321 695 341 740 a
363 697 460 751 πονο,
483 696 567 738 πονε
592 672 789 739 descendere
811 673 983 740 existimat.
1031 674 1160 740 Etenim
1183 675 1245 740 hoc
1267 695 1372 742 conco·

224 763 470 853 'dendumest
493 772 634 854 reliquas
656 771 683 836 si
705 777 833 854 spectas
855 771 943 854 apud
958 770 1099 838 Graecos
1121 769 1306 838 snlfixomm
1325 799 1370 858 ρο,

247 871 285 934 io
309 876 454 954 (quorum
477 876 647 952 utrumque
661 867 704 934 ad
720 874 783 934 vet.
799 889 838 930 νο
852 867 935 934 redit
951 868 989 934 cf.
1005 870 1099 953 Bopp
1114 871 1217 953 vergl.
1234 871 1371 937 Gramm.
1420 937 1424 943 ,

245 969 311 1034 1112
323 971 385 1032 412
398 971 477 1050 seq.)
492 967 708 1049 formationes,
731 985 827 1050 posse
841 964 906 1032 illis
921 965 1042 1034 suffixis
1058 974 1091 1035 et
1106 988 1126 1032 a
1141 968 1295 1052 stirpibus
1310 989 1374 1035 vcr-

198 1143 200 1156 .
246 1066 374 1132 balibus
390 1071 422 1132 et
436 1085 457 1130 a
471 1064 689 1131 nominalibus
704 1065 865 1131 adiootiva
881 1064 1029 1132 derivari.
1054 1066 1145 1131 Mitto
1161 1066 1222 1130 hoc
1238 1067 1308 1132 loco
1323 1067 1374 1132 ad·

247 1165 364 1230 iectiva
377 1177 379 1181 ·
393 1183 434 1230 ex
461 1163 533 1247 ipsa
559 1173 592 1228 et
619 1181 701 1246 pura
728 1162 837 1230 radice
871 1164 1008 1229 formata
1035 1170 1070 1228 ut
1102 1161 1277 1248 λαμο-ρός
1306 1172 1372 1230 sort.

249 1261 366 1346 dep-ro,
390 1257 529 1345 toy-ode
550 1268 623 1326 scrt.
639 1261 783 1324 cond-cd.
815 1262 919 1344 Magis
941 1261 1074 1327 adrem
1096 1260 1261 1344 pertinent
1282 1263 1370 1329 haec:

291 1400 440 1489 φανερός
461 1401 598 1490 Vmor
592 1428 598 1442 ·
615 1411 687 1470 sort.
709 1401 809 1489 lr'opol
809 1427 844 1469 os
866 1403 1002 1489 iflr'omp
1024 1435 1067 1458 =
1089 1403 1241 1488 φοβερός
1263 1412 1371 1491 epodo.
1365 1407 1375 1445 ·’

330 1501 485 1587 phenolo‘r
503 1501 618 1585 pheno.

292 1596 460 1687 φλεγυρὸς
475 1595 627 1684 Volso:
644 1607 716 1666 sort.
734 1601 862 1664 ardores
877 1598 1030 1680 ifoid=
986 1599 1222 1688 -φθονερός
1239 1606 1372 1686 φθονος

334 1695 504 1761 modlords
526 1695 640 1759 modim
662 1703 722 1763 ete.

250 1844 317 1920 Hoc
339 1842 435 1928 igitur
458 1862 650 1925 quamquam
673 1849 813 1925 constat,
841 1849 949 1910 temen
971 1843 1151 1910 sententiae
1173 1862 1300 1924 comm,
1323 1844 1372 1924 qui
1469 1871 1470 1874 ¹

248 1937 408 2027 πονηρός,
431 1935 574 2025 ὀκνηρός
591 1946 649 2005 etc.
666 1940 708 2018 ad
719 1941 896 2024 stirpem
911 1940 1159 2007 nominalem
1176 1963 1276 2018 πονο,
1300 1936 1371 2004 davo

248 2039 405 2107 reducunt
432 2037 632 2121 primamque
660 2037 788 2103 illorum
817 2038 1048 2104 adiectivorum
1075 2038 1211 2104 formam
1245 2035 1372 2103 *πονᾶ-

249 2133 324 2222 ρός,
360 2131 529 2217 *ὀκνᾶρός
563 2141 615 2203 (ex
643 2159 833 2220 πονα-αρος
862 2145 918 2201 aut
944 2142 1121 2220 πονοι-ρος)
1157 2142 1300 2202 statuero
1327 2156 1374 2202 oo·

248 2243 375 2319 guntur,
398 2231 671 2316 gravissimae
694 2239 841 2301 ca'usae
862 2234 941 2298 mihi
963 2233 1128 2306 advorsari
1150 2232 1311 2300 videntur.

334 2333 417 2397 Nam
441 2329 576 2413 primum
600 2350 660 2414 ego
682 2331 811 2414 quidem
836 2334 925 2397 nullo
947 2331 1042 2398 modo
1064 2332 1257 2414 intellegere
1278 2333 1373 2415 potui,

249 2452 313 2516 qua
333 2430 388 2496 via
409 2435 465 2494 aut
488 2447 551 2510 qua
574 2427 615 2494 de
638 2449 735 2496 causa
756 2429 790 2494 in
812 2429 980 2496 adiectivis
1002 2429 1067 2494 illis
1089 2431 1195 2513 prisca
1216 2430 1372 2496 vocalisd

197 2555 199 2560 a
248 2530 281 2595 in
314 2527 536 2596 aeolo-doricis
565 2547 690 2610 quoqne
720 2527 867 2594 dialectis
899 2529 932 2593 in
963 2553 981 2614 η
1012 2535 1134 2593 mutata
1164 2536 1260 2595 esset.
1305 2529 1374 2593 Pari

249 2629 334 2694 enim
351 2625 456 2692 modo'
470 2627 738 2710 στεφανᾶφορίοι,
762 2623 998 2706 πολεμᾶδόκος
1017 2625 1068 2704 (cl.
1085 2628 1105 2706 ξ
1124 2629 1156 2702 9)
1179 2648 1200 2691 a
1216 2649 1372 2714 orsmaro,

248 2726 379 2807 πολεμο
403 2722 612 2802 descendunt,
636 2742 741 2805 neque
758 2724 872 2789 inillis
895 2723 981 2806 apud
997 2724 1170 2790 Dorienses
1187 2730 1209 2788 ᾶ
1223 2726 1257 2789 in
1274 2751 1294 2810 η
1313 2745 1374 2789 mu-

248 2824 430 2906 tarisnpra
444 2819 634 2886 monuimus.
666 2820 793 2887 Deinde
812 2840 887 2886 vero
911 2841 1040 2903 neque
1062 2821 1102 2885 in
1126 2823 1375 2888 sanscritica

249 2940 377 3004 nequo
404 2920 443 2983 in
472 2919 656 2984 bactrica
685 2918 830 3001 lingua
857 2919 1066 3003 reperiuntur,
1097 2938 1279 3002 quaecum
1309 2921 1375 3000 hac,

249 3038 344 3102 quam
373 3015 421 3080 illi
455 3016 580 3096 volunt,
616 3016 859 3082 adiectivorum
875 3015 1066 3082 formatione
1098 3017 1168 3083 iure
1198 3016 1374 3101 comparari

248 3114 383 3199 possint.
427 3111 556 3178 Scilicet
578 3113 765 3179 sanseritica
785 3113 897 3197 lingua
919 3121 994 3180 ante
1016 3113 1130 3180 suffixa
1151 3135 1200 3186 νο,
1228 3115 1260 3177 la
1283 3117 1373 3181 inter-

249 3213 332 3277 dum'
352 3209 526 3294 productas
553 3211 683 3276 vocales
710 3218 766 3277 aut
795 3211 1012 3296 diphthongos
1041 3211 1090 3290 (ol.
1123 3226 1189 3284 ira,
1224 3213 1283 3287 ilo,
1315 3225 1373 3282 ονο,

248 3323 317 3382 erc,
337 3309 398 3380 olo,
422 3305 490 3384 oro)
513 3308 651 3390 exhibet,
675 3315 783 3375 tamen
799 3309 901 3374 forma
915 3310 1033 3392 aliqua,
1057 3309 1162 3391 qualis
1177 3316 1265 3376 osset
1279 3309 1374 3394 *pte-

248 3408 353 3481 m'rrdc,
370 3427 462 3492 quae,
481 3406 508 3472 si
524 3413 619 3489 esset,
635 3405 707 3472 fiete
728 3407 776 3472 illl
791 3405 966 3492 *νοονᾶρός
980 3406 1199 3491 responderet,
1223 3408 1258 3472 ni
1273 3407 1374 3489 fallor,
1469 3469 1470 3488 9

248 3527 312 3572 non
336 3505 501 3589 reperitur.
547 3505 597 3572 Ne
619 3506 689 3588 quis
711 3506 855 3571 attulerit
883 3506 935 3571 hic
959 3505 1078 3570 formas
1099 3505 1174 3570 illas
1196 3504 1374 3571 rarissimas

248 3605 410 3671 suffixo
393 3625 453 3666 oro
481 3622 523 3668 ex
553 3604 624 3687 ipsa
651 3602 759 3668 radice
794 3603 1018 3670 formatast
983 3610 1018 3667 ut
1054 3602 1130 3686 ο’ν’ν9-
1132 3604 1254 3666 dra-:s
1278 3599 1377 3683 scrip

248 3703 339 3785 reda
363 3721 438 3766 nam
460 3699 494 3765 in
516 3700 582 3766 illis
604 3700 766 3766 vocalis·
749 3725 770 3786 o
790 3721 832 3766 ne
853 3701 894 3767 ab
917 3701 1021 3767 aeolo·
1025 3699 1142 3766 doricis
1163 3699 1295 3782 quidem
1311 3699 1375 3764 dia·

248 3801 340 3865 lectis
362 3799 471 3865 aliena
493 3806 541 3865 est
563 3797 602 3863 cs.
619 3798 758 3882 οιδᾶρος
780 3799 901 3884 Sapph.
921 3801 991 3863 119.
1022 3803 1120 3882 etym.
1135 3817 1220 3960 mags.
1238 3819 1260 3863 σ
1260 3797 1375 3882 ίόᾶρος

249 3895 312 3980 γὰρ
342 3900 506 3980 Δωρικῶς
539 3897 673 3980 λέγεται
705 3897 762 3961 καὶ
791 3895 1001 3973 Αἰολικῶςε
1029 3891 1375 3974 retenduntur

250 3997 365 4076 etym.4
387 3997 459 4056 245.
