2916 4872
478 412 600 469 schedae
617 413 815 482 grammaticae.
1149 405 1209 466 127

98 615 153 677 -ηι,
175 588 259 672 quod
275 593 507 672 exspectamus,
529 587 564 650 in
587 609 636 652 -ει
659 591 858 652 attenuatum
878 603 948 655 0000
963 584 1091 651 videtur
1105 591 1139 652 ut
1154 610 1214 650 -ωι

99 689 266 754 dativorum
295 685 423 770 saepius
445 685 479 749 in
501 707 562 748 -oa
606 684 718 766 Longe
747 684 814 761 alia
843 688 892 750 est
920 683 988 749 eius
1015 681 1215 749 formationis

98 807 185 853 causa
215 787 248 850 in
281 782 434 849 boeotiois
463 781 638 866 exemplis,
673 780 714 847 de
747 781 862 865 quibus
896 781 1116 847 Beermannus
1148 778 1216 862 agit

98 884 178 950 stud.
202 883 250 948 IX
272 903 304 966 p.
328 885 369 946 16
392 887 424 946 01
447 883 497 946 32.

174 984 204 1056 3)
241 979 349 1044 Varia.

173 1079 222 1142 De
248 1075 458 1157 Θιότιμος
481 1077 543 1140 318
566 1073 642 1139 vide
663 1095 695 1158 p.
720 1076 770 1140 85.

174 1171 457 1249 αὐτοσαυτοῖς
495 1175 599 1253 3030,
645 1173 690 1237 uti
726 1173 760 1237 in
796 1171 967 1238 Andaniae
1003 1171 1146 1255 inscript.
1183 1176 1215 1236 et

99 1271 195 1356 delph.
216 1271 265 1335 tit.

175 1365 459 1452 καταγόραξις
483 1371 680 1433 3631110010
703 1385 743 1432 ex
766 1366 896 1433 Doridis
925 1367 1051 1450 legibus
1073 1387 1093 1431 a
1116 1389 1215 1431 κατα-

98 1464 217 1550 γορὰζω
244 1465 424 1532 derivatum
448 1471 505 1530 001.

175 1569 409 1646 Arpocras,
432 1581 609 1646 cognomen
628 1560 800 1627 Artemidis
823 1561 923 1634 (cuius
945 1564 979 1627 in
1002 1563 1096 1628 inser.
1119 1581 1216 1628 mess.

98 1661 152 1728 hae
172 1656 503 1745 formae'Apctpccog
527 1659 662 1725 2961110
686 1665 717 1724 01
730 1655 930 1742 Ἀρτέμιδος
953 1663 1042 1724 3110
1065 1661 1215 1740 exstant),

99 1760 203 1842 legitur
217 1762 388 1824 aet-300
406 1763 490 1841 (gen.
502 1755 729 1840 Λιμνάτιδος)
747 1761 864 1838 01311,
882 1761 980 1840 3110,
997 1756 1082 1839 quod
1098 1774 1216 1821 nomen

99 1858 185 1924 etiam
214 1859 248 1923 in
278 1857 340 1922 lac.
368 1856 464 1922 inser.
491 1860 548 1921 161
580 1858 778 1937 (Λιμνᾶτις)
806 1861 838 1918 01
869 1857 928 1918 162
958 1853 1135 1936 (Λιμνάτι)
1169 1872 1218 1918 10·

99 1956 218 2037 peritur.
255 1955 419 2020 Pausania
442 1954 526 2018 enim
551 1959 680 2018 auctore
696 1953 828 2033 Limnis,
852 1952 1033 2019 Messeniae
1051 1950 1216 2036 oppidulo,

99 2052 262 2119 Artemidis
286 2053 441 2136 templum
465 2059 535 2118 erat
555 2049 767 2117 aedificatum.

173 2155 418 2235 τριτίρενες
444 2153 516 2215 362.

173 2247 276 2328 Quam
311 2248 439 2332 quidem
469 2265 581 2313 vocem
611 2265 726 2311 novam
760 2252 855 2328 atque
887 2246 1088 2330 perspicuam
1121 2245 1215 2310 nobis

99 2345 239 2410 traditam
270 2365 342 2440 esse
372 2367 413 2412 ex
435 2345 559 2410 duabus
588 2343 788 2428 potissimum
818 2344 922 2409 causis
950 2343 1129 2411 notandum
1158 2349 1216 2424 est,

98 2443 224 2524 primum
247 2442 335 2527 quod
358 2443 511 2529 Hesychii
533 2443 675 2526 glossam
697 2441 783 2528 male
804 2461 825 2507 a
847 2441 1024 2506 Schmidtio
1047 2440 1219 2507 addubita-

98 2545 155 2604 tam
176 2539 298 2623 ἲρινες·
328 2541 538 2627 μελλέφηβοι
560 2540 763 2622 comprobat,
789 2538 863 2604 dein
886 2538 1025 2620 quodid
1049 2542 1110 2605 hoe
1132 2558 1214 2604 oom-

97 2637 190 2719 000110
213 2638 382 2721 discimus,
413 2637 507 2724 ε’ίρην
529 2656 640 2702 vocem
662 2637 704 2701 ab
726 2636 817 2701 initio
841 2634 1002 2718 digammo
1027 2636 1214 2701 instructam

97 2755 154 2800 non
175 2737 292 2818 luisse,
322 2755 460 2818 namque
482 2736 544 2802 nisi
572 2756 623 2801 res
646 2735 692 2799 ita
714 2751 785 2800 0000
808 2733 955 2812 haberet,
985 2731 1215 2818 *τριτοῒρενες

98 2839 305 2916 exspectares.
342 2833 424 2897 Mira
446 2833 508 2920 ista
529 2833 632 2898 torma
654 2829 760 2916 ἰ’ρινες
783 2831 1024 2897 assimulatione
1046 2828 1214 2912 vocalium,

99 2948 172 3010 quae
186 2951 250 2997 non
266 2931 315 2996 ita
329 2951 403 2996 rara
418 2938 466 2997 est
481 2931 548 3010 (011.
561 2950 659 3014 supra
675 2928 843 3012 δόμορτις,
860 2926 1091 3016 ἑβὸεμήκοντα
1106 2950 1137 3013 p.
1152 2929 1214 3012 82),

99 3026 270 3114 011ρο0ος
299 3035 376 3094 nata
406 3046 475 3094 esse
504 3027 665 3105 videturr)
710 3029 760 3092 De
789 3025 1021 3109 significatione
1049 3023 1216 3111 compositi

98 3115 275 3210 eecclesiae
304 3125 380 3208 quid
408 3124 610 3192 statuendum
635 3127 691 3206 sit,
719 3125 754 3190 in
782 3125 952 3208 propatulo
975 3133 1033 3191 001.
1078 3125 1215 3190 Iuvenes

99 3221 184 3304 euim,
207 3224 262 3306 qui
285 3223 320 3287 in
336 3230 438 3289 certas
454 3220 575 3289 classes
590 3223 654 3304 vel,
677 3228 711 3286 ut
725 3223 832 3288 verius
848 3221 962 3304 dicam,
986 3243 1100 3306 greges
1123 3219 1215 3306 (ἀγέ-

98 3315 157 3395 λαι)
186 3319 347 3387 distributi
370 3328 462 3387 eraut
490 3357 531 3367 -—
560 3323 621 3386 huo
643 3326 790 3404 spectant
812 3319 965 3404 Hesychii
986 3322 1115 3402 glossae
1137 3316 1215 3402 ἄγε·
1264 3379 1266 3382 .

98 3413 248 3495 λάστους·
265 3416 432 3504 ἐφήβους·
448 3421 580 3505 Κρῆτες
595 3425 692 3500 atque
708 3411 726 3481 ὁ
742 3413 922 3500 ἄγελαῑος·’
937 3414 955 3482 ὃ
972 3416 1007 3484 ἐν
1023 3415 1122 3501 ἀγέλῃ
1141 3415 1214 3480 διά-

98 3534 158 3593 γων
180 3550 219 3561 -
243 3523 311 3580 tum
334 3515 380 3580 ita
399 3515 557 3581 ¹nominati
581 3536 653 3583 0000
675 3515 834 3596 videntur,
857 3534 927 3580 eum
951 3534 991 3580 ex
1014 3516 1106 3580 tertio
1129 3533 1215 3578 anno

98 3613 209 3696 recepti
234 3619 335 3680 erant.
379 3613 423 3678 Ut
450 3606 761 3696 tormam'explicet,
792 3612 979 3679 Foucortius
1007 3613 1087 3677 haec
1109 3610 1213 3676 addit:

99 3708 291 3782 ,L'element
313 3733 403 3794 τριτ-
426 3718 503 3793 peut
518 3711 710 3796 s'expliquer
732 3731 790 3793 par
808 3711 840 3776 le
856 3710 1122 3794 rapprochement
1136 3728 1216 3775 avec

162 3939 181 4005 ⁹)
198 3940 261 3995 Alia
278 3943 365 3997 vocali
384 3941 512 3997 suffixum
528 3942 691 3996 instructum
707 3940 791 3996 habet
808 3939 896 3995 forma
915 3937 1014 4010 i'pcveo.
1035 3954 1114 4009 quam
1129 3940 1214 3998 Lace-

100 4015 294 4078 daemoniorum
312 4023 397 4079 iuisse
414 4023 566 4093 Hesychius
584 4022 674 4076 tradit.
