2916 4872
494 447 618 504 Schedao
634 447 836 518 grammaticae.
1165 407 1227 510 129

189 624 217 699 e)
245 617 446 696 scandito,
471 621 639 703 genetivus
655 620 792 689 nominis
808 615 974 700 nudem,
997 620 1082 704 quod
1098 623 1228 690 nomine

113 715 263 796 Εἰκάδιος
286 715 333 792 (0.
357 717 383 784 Ι.
407 719 501 801 3689,
526 723 624 802 5574;
649 717 768 784 Mionn.
791 717 893 784 desen.
910 717 951 785 de
966 718 1050 787 med.
1068 720 1129 801 111,
1154 723 1226 803 212,

112 819 178 884 118)
206 817 325 882 collato
348 815 391 882 ad
414 813 509 893 εἰκάς
530 821 678 900 spectare
705 822 871 900 prouertu
900 817 1013 883 habeo.
1059 816 1227 895 (Consimi-

112 912 177 980 liter
198 933 257 980 nos
280 913 415 980 didimus
445 913 698 996 „Zwanziger“.)

97 1009 100 1018 ’
189 1011 221 1088 d)
249 1012 288 1077 In
309 1011 403 1079 inser.
420 1016 520 1094 340a,
545 1015 585 1078 36
608 1016 714 1078 exstat
728 1029 847 1078 nomen
869 1017 1008 1093 fugos.
1044 1011 1136 1098 Quod
1159 1014 1227 1097 qui·

112 1106 177 1174 dem
197 1115 252 1174 aut
273 1127 347 1180 eum
367 1109 475 1175 radiae
497 1109 556 1172 uad
586 1115 657 1185 (sor.
680 1108 819 1183 ouhdmi,
843 1109 1018 1200 1111111111)
1048 1145 1087 1157 -
1118 1113 1227 1178 oonier

111 1205 205 1270 boeot.
228 1207 344 1286 πεξίας
367 1207 459 1275 Stud.
482 1207 530 1280 IX
553 1229 584 1292 p.
601 1210 641 1272 53
663 1243 706 1254 -
728 1207 985 1291 coniungendum
1008 1214 1057 1274 est
1078 1215 1134 1274 ant
1155 1229 1226 1275 eum

112 1321 154 1384 ea,
169 1303 292 1385 quaein
306 1295 398 1390 ἦχος,
414 1301 502 1394 ἠχέω
519 1307 598 1371 latet
614 1306 681 1384 (eir.
691 1305 781 1386 sion,
791 1304 967 1372 Wdrterb.³
978 1307 993 1371 I
1004 1309 1087 1383 204).
1111 1304 1227 1374 Confer

111 1395 292 1485 ἄμφιαχυῖα
323 1403 372 1481 (11.
403 1407 434 1468 Β
457 1407 531 1477 316)
559 1422 617 1486 pro
646 1397 926 1489 deep-t-sog-vlo,
964 1401 1005 1470 de
1034 1423 1097 1486 qua
1126 1403 1228 1471 iorma

112 1495 225 1562 Curtius
248 1499 344 1564 Verb.
367 1499 401 1564 II
429 1521 461 1584 p.
488 1503 546 1566 148
574 1498 733 1566 disseruit.
778 1499 866 1568 Haeo
888 1502 992 1567 altera
1013 1501 1151 1568 nominis
1173 1521 1228 1569 ex·

111 1594 241 1677 plioendi
264 1597 347 1662 ratio
370 1598 504 1664 tortasse
526 1597 628 1681 magis
650 1598 847 1682 probabitur,
877 1597 902 1663 si
926 1617 1043 1664 nomen
1062 1587 1161 1680 'ong
1183 1601 1227 1678 (in
1337 1655 1344 1670 .

112 1690 271 1776 Cephisiae
292 1695 407 1778 insor.;
437 1694 512 1761 vide
533 1695 627 1761 lexio.
650 1695 814 1760 nominum
837 1695 1014 1773 Benseleri)
1036 1697 1183 1762 attulero.

187 1794 215 1868 e)
250 1796 274 1874 β
303 1790 456 1874 digammi
479 1793 632 1858 vieanium
655 1793 847 1877 eonspiuitur
868 1793 901 1856 in
932 1813 1016 1857 nom.
1041 1789 1226 1876 Κάβαισος,

111 1887 189 1954 ouius
209 1889 379 1972 genetivus
395 1894 598 1973 Καβαίσω
621 1890 654 1954 in
676 1889 772 1956 inser.
797 1892 887 1974 3521>
910 1889 1035 1972 legitur.
1072 1891 1146 1956 Mea
1160 1891 1229 1973 qui·

111 1983 174 2049 dem
202 1987 365 2052 sententia
388 1985 565 2071 Κάβαισος
593 2007 634 2052 ex
662 1985 863 2071 Κάβ-αιθος
892 1986 979 2060 (vide
1000 1988 1083 2054 inira
1113 1988 1171 2054 sub
1195 1992 1226 2066 3)

111 2090 202 2148 ortum
217 2083 332 2151 eadem
348 2084 465 2167 radice,
487 2103 551 2168 qua
566 2103 683 2150 nomen
699 2086 878 2152 laconioum
894 2083 1099 2169 Καβ-ώνδας
1116 2090 1159 2169 tp.
1174 2089 1227 2162 60)

111 2180 207 2246 utitur.
251 2183 359 2248 Etiam
387 2183 420 2247 in
449 2182 540 2249 libris
569 2200 668 2248 manu
690 2183 817 2266 seriptis
840 2183 999 2249 Amadum
1028 2183 1160 2248 nomina
1183 2182 1229 2247 di-

110 2298 226 2360 gammo
254 2281 410 2347 instructa
437 2279 636 2363 flvieauium
666 2280 802 2349 habent:
839 2301 859 2346 a
887 2281 1038 2365 Xenoph.
1069 2281 1172 2346 Anab.
1197 2285 1226 2363 4,

113 2379 191 2455 1,18
214 2379 315 2444 Areas
337 2383 470 2455 Βασίας
493 2377 615 2456 (oonier
631 2377 742 2445 Boeoti
764 2378 928 2446 cuiusdam
953 2397 1068 2444 nomen
1090 2382 1228 2457 fiootog,

111 2471 192 2539 Stud.
212 2475 272 2558 IX,
299 2479 352 2554 52)
375 2481 649 2542 oommemoratur.

186 2572 208 2649 i)
239 2573 277 2640 In
300 2573 431 2640 nomine
455 2571 592 2638 Φαυίδ
601 2597 646 2650 ας
661 2576 772 2649 13381)
795 2573 865 2640 sine
888 2572 985 2638 dubio
1008 2571 1171 2656 digamma
1194 2573 1228 2638 in

111 2691 127 2729 o
153 2671 283 2736 transiit.
330 2670 409 2737 Cum
441 2670 626 2749 ooo-ttae,
664 2669 837 2747 dtas-ldae
870 2669 979 2735 eonfer
1010 2670 1098 2735 aeol.
1127 2669 1226 2736 subst.

15 2829 16 2832 ,
112 2771 211 2848 oddag
233 2769 325 2847 (Ahr.
348 2770 374 2850 Ι,
398 2771 461 2846 36).

186 2875 218 2948 g)
246 2862 408 2945 Ἐνυαλία,
424 2885 541 2932 nomen
556 2865 657 2932 tribus
669 2867 853 2934 Mantineae
868 2861 958 2949 (vide
970 2865 1029 2930 sub
1042 2862 1099 2947 a)),
1116 2871 1229 2948 aperte

30 2947 35 2962 '
112 2958 148 3023 ad
162 2961 294 3029 Martem
312 2970 444 3047 spectat.
479 2962 576 3029 Cuius
592 2962 632 3029 de
648 2964 838 3047 cognomine
857 2959 1033 3042 Ἐνυάλιος,
1049 2960 1134 3046 quod
1150 2981 1228 3029 non·

112 3054 178 3124 dum
199 3063 396 3146 explieatum
420 3067 481 3143 est,
504 3061 641 3128 fortasse
662 3063 748 3128 hune
769 3060 803 3128 in
826 3060 954 3126 modum
971 3061 1030 3127 erit
1052 3059 1230 3126 diiudioan·

113 3151 189 3221 dum.
224 3155 394 3237 Ἐνυάλιος
418 3159 460 3224 ab
488 3157 601 3225 eadem
630 3158 753 3242 radiae,
785 3178 880 3242 quam
902 3159 935 3223 in
958 3158 1090 3225 voeihus
1119 3155 1228 3239 ε’ίλλω,

112 3249 210 3334 eidem,
237 3252 401 3340 οὐλαμός,
426 3254 561 3339 ὅμ-ιλος
582 3255 655 3323 aliis
677 3249 898 3339 cognoscimus
920 3261 991 3334 (ser.
1015 3277 1082 3329 our,
1106 3255 1232 3340 styma

112 3367 138 3430 p.
160 3356 248 3434 539),
279 3354 435 3438 originem
459 3352 589 3421 duxisse
611 3354 746 3435 videtur,
769 3354 815 3418 ita
836 3360 871 3419 ut
889 3350 1057 3430 Ἐνυάλιος
1079 3371 1120 3420 ex
1142 3347 1230 3418 *Ἐν-

112 3449 235 3529 sat-tog
264 3453 332 3532 (eir.
362 3449 498 3539 ἔ-άλ-ην
527 3473 568 3520 ex
598 3451 780 3538 *d-sad-ua
809 3459 841 3517 et
871 3447 1058 3516 e-doid-eoua
1081 3469 1124 3516 ex·
1150 3456 1230 3515 *fe-

112 3546 268 3628 sot-maa)
292 3550 453 3634 digammo
476 3551 509 3616 in
531 3576 550 3615 υ
573 3555 694 3641 mutato
718 3550 860 3616 oriretur.
898 3545 1112 3623 Ἐνυάλιος
1132 3545 1230 3629 igitur

113 3660 188 3709 eum
203 3647 435 3733 signifieat,
455 3647 519 3731 qui
541 3647 581 3714 in
600 3667 758 3732 pugnae
778 3646 953 3712 tumultu
970 3641 1142 3727 (οὔλαμός)
1158 3645 1229 3712 ho·

113 3740 234 3810 stibus
256 3746 520 3812 vehementer
541 3747 679 3811 instat.
714 3741 1015 3810 Eandemradieem
1030 3742 1063 3805 in
1085 3741 1229 3807 laeonioo

113 3841 233 3908 nomine
247 3844 384 3910 Βέλλων
407 3849 471 3927 sap.
488 3843 583 3908 Fouo.
603 3843 701 3923 16811,
728 3844 831 3925 168g3
854 3840 888 3906 O.
909 3842 934 3905 I.
954 3842 1046 3917 1367)
1062 3873 1105 3886 -
1120 3840 1231 3906 eonfer

113 3932 256 4021 Hesyehii
273 3937 464 4007 ἆπ-έλλειν·
481 3938 656 4025 ἀπείργειν
670 3947 712 3986 -”-
727 3958 779 4004 me
793 3938 955 4012 invenisse
969 3943 1056 4022 puto.
1080 3938 1230 4005 Fortasse

115 4031 203 4098 etiam
224 4037 373 4115 Βαλ-εύς
396 4043 459 4122 (ap.
483 4038 579 4103 Fouo.
602 4041 676 4115 282)
700 4036 813 4104 eodem
836 4043 969 4121 speetat.
1014 4035 1098 4102 Dein
1120 4036 1231 4103 consen

159 4132 257 4179 Ousnuns
271 4150 290 4179 n.
305 4139 430 4185 Baedunia,
448 4138 539 4180 Studien
554 4139 579 4179 X.
1009 4139 1025 4190 9
