2968 4866
454 441 496 497 De
515 441 652 498 Alcmanis
670 449 768 513 poetae
785 443 909 499 dialecto.
1185 443 1243 505 341

119 613 254 697 grapba‚
278 612 337 678 sed
359 611 427 680 fieri
449 615 562 699 potuit,
585 621 620 679 nt
641 615 755 682 literae
777 617 864 683 sonis
885 617 1014 683 mutatis
1035 617 1247 700 antiquiorem

120 718 238 776 statum
267 709 398 794 linguae
425 711 616 778 retinuerint
648 732 754 795 nequo
785 715 942 797 scriptura
975 713 1118 797 linguam
1151 714 1248 781 adas·

119 814 204 889 quet.
249 805 347 874 Garat
367 808 429 874 hac
451 807 638 875 difficultate
665 810 802 876 alterum
830 811 964 876 fontium
986 812 1145 894 genus¹')‚
1175 832 1247 877 cunr

66 920 68 924 ·
118 905 151 968 in
175 923 214 970 eo
237 905 313 970 viva
334 923 399 969 vox
421 914 453 972 et
474 925 533 971 eae
555 906 767 990 proprietates
789 908 953 991 imprimis,
982 927 1064 991 quae
1085 909 1247 974 notabiles

118 1001 315 1067 videbantur
336 1003 467 1086 reliquis
490 1003 639 1085 Graecis,
666 1004 784 1071 Ionicis
806 1006 891 1071 notis
912 1004 1058 1072 redditae
1079 1007 1158 1088 sint,
1189 1007 1248 1072 sed

118 1098 225 1165 minor
254 1099 425 1166 lectionum
453 1100 549 1182 fides,
582 1121 666 1183 quae
694 1102 895 1168 librariorum
925 1105 1020 1188 culpa
1048 1110 1080 1168 et
1111 1103 1248 1170 fortasse

118 1196 400 1278 grammaticorum
437 1218 537 1281 pravo
576 1197 699 1281 jndicio
736 1200 843 1266 varias
883 1200 1076 1266 mutationes
1112 1218 1245 1284 perpes·

119 1311 176 1359 sae
199 1299 285 1359 sunt.

205 1391 311 1474 Majns
334 1391 529 1476 praesidium
552 1398 601 1457 est
619 1391 653 1457 in
674 1392 812 1459 dialecto
828 1393 1141 1476 Heracleensium¹³)‚
1165 1413 1248 1476 quas

118 1494 167 1555 est
196 1488 324 1554 colonia
351 1489 486 1555 Tarenti
511 1509 532 1554 a
553 1490 735 1556 Laconibus
763 1510 850 1556 anno
878 1492 1162 1575 septingentesimo
1193 1490 1248 1557 de-

119 1585 202 1650 cimo
218 1585 340 1651 conditi
355 1587 570 1669 servavitque,
593 1607 785 1670 quamquam
807 1589 933 1654 incolae
948 1590 1084 1654 aliarum
1101 1587 1247 1670 stirpium

118 1683 256 1749 admixti
279 1691 381 1765 erant,
403 1684 482 1750 satis
504 1704 618 1768 puram
634 1685 787 1750 Doridem
805 1685 1008 1764 severiorem,
1032 1704 1095 1767 qua
1117 1703 1153 1750 re
1175 1703 1248 1749 con·

118 1779 206 1846 cludi
236 1787 341 1863 potest
363 1780 521 1863 quaedam
544 1781 707 1847 Laconum
735 1781 890 1847 idiomata
919 1782 975 1846 illo
1003 1788 1147 1863 temporo
1168 1799 1247 1846 non·

119 1875 196 1942 dum
218 1876 327 1944 inisse.
368 1878 495 1945 Deinde
517 1876 558 1943 ds
579 1877 770 1960 antiquitate
792 1878 992 1960 quarundam
1015 1877 1246 1962 proprietatum

117 1974 273 2057 analogia
287 1974 422 2042 aliarum
437 1974 657 2060 dialectorum,
680 1995 813 2058 quarum
831 1975 935 2042 fontes
950 1971 1147 2058 antiquiores
1161 1981 1246 2054 sunt,

117 2071 309 2139 adhibenda
320 2079 352 2138 et
367 2074 438 2156 ipsa
452 2080 568 2139 natura
582 2073 738 2140 sermonis
752 2073 884 2139 humani
900 2067 1099 2139 consulenda
1110 2077 1167 2138 est.
1190 2069 1248 2137 Oe·

118 2179 223 2235 tomm
245 2169 287 2236 ds
306 2169 504 2236 Laconismis
525 2170 682 2254 imprimis
704 2171 824 2256 agitnr3
848 2171 889 2238 de
909 2170 950 2236 iis
972 2189 1056 2253 quae
1077 2169 1248 2234 universae

119 2266 234 2332 Doridi
257 2266 388 2350 propria
409 2273 482 2333 sunt
504 2267 556 2332 vel
571 2286 655 2351 quae
669 2268 811 2336 severior
826 2268 922 2334 Doris
944 2267 1043 2334 habet
1059 2266 1247 2348 singularia,

119 2363 280 2429 dubitatio
301 2364 404 2436 ramus
426 2365 534 2446 oritur,
558 2384 750 2447 quamquam
773 2361 954 2432 cavendum
977 2369 1042 2444 est,
1066 2382 1107 2429 ne
1130 2362 1249 2442 omnia,

118 2480 204 2543 quae
226 2461 260 2527 in
284 2460 430 2528 dialectis
455 2461 737 2545 propinquioribus
758 2463 939 2528 communia
961 2460 1172 2543 reperiuntur,
1203 2467 1250 2524 te·

118 2577 209 2626 mere
229 2558 431 2640 antiquitatis
453 2558 550 2624 laudo
573 2577 738 2640 ornemus,
770 2577 841 2624 cum
862 2558 951 2624 haud
981 2576 1083 2641 panca
1104 2575 1248 2623 seorsum

118 2656 153 2722 in
176 2656 314 2738 singulis
336 2655 425 2722 nasci
447 2655 619 2740 potuerint.

207 2753 299 2832 Quae
319 2759 427 2819 tamen
444 2752 542 2817 dubia
556 2751 769 2835 relinquenda
784 2758 867 2830 sunt,
889 2750 928 2816 iis
943 2749 1249 2834 sperandum’quae·
1285 2805 1291 2824 ,

119 2851 258 2916 stionem
282 2850 323 2917 de
345 2850 510 2916 Alcmanis
538 2849 676 2916 dialecto
707 2849 830 2932 aliquid
860 2848 940 2914 lucis
969 2867 1040 2914 esse
1065 2846 1249 2912 allaturam

119 3083 234 3152 scriptio
252 3082 363 3138 tabulae
379 3096 479 3136 aeneae
497 3081 603 3150 Tegeae
624 3089 762 3151 repertae,
786 3096 840 3152 qua
857 3081 946 3147 agitur
964 3080 997 3136 de
1014 3079 1130 3149 pecunia
1152 3081 1179 3134 in
1202 3079 1250 3134 illa

98 3164 188 3218 ¹urbs
207 3162 343 3233 deposita,
369 3177 449 3230 quam
471 3163 573 3230 publici
588 3163 659 3230 juris
681 3163 746 3218 fecit
764 3169 791 3218 et
808 3162 964 3216 Laconibus
988 3160 1133 3215 vindicavit
1150 3160 1250 3215 Kirch·

119 3243 180 3298 boii
194 3241 363 3300 Monatsber.
383 3241 409 3296 d.
427 3243 499 3297 Berl.
511 3243 598 3297 Acad.
615 3244 640 3298 d.
654 3243 822 3298 Wissenteh.
843 3247 908 3296 1870
925 3260 953 3312 p.
964 3246 1009 3306 603
1029 3256 1120 3309 pauca
1135 3240 1248 3296 minoris

120 3329 185 3378 sunt
203 3323 321 3378 ambitus
342 3322 376 3378 ef.
395 3321 541 3377 Kirchhoff
555 3322 667 3378 Hermes
685 3323 725 3377 111
743 3327 803 3378 449.
833 3322 979 3378 Neubauer
995 3320 1022 3373 X
1042 3325 1098 3374 153.

193 3404 224 3468 ¹²)
243 3403 285 3457 Gi.
304 3403 411 3457 Abrens
428 3402 447 3456 1.
465 3403 483 3456 l.
501 3419 528 3471 p.
548 3407 589 3457 26.
772 3395 774 3398 ’
924 3436 926 3440 -

193 3485 224 3547 ¹³)
242 3481 284 3537 Oi.
307 3483 432 3537 Meister:
463 3483 496 3537 de
526 3481 642 3536 dialecto
668 3479 888 3534 Heracleentium
920 3478 1077 3533 italicorum
1104 3475 1132 3528 in
1162 3475 1249 3530 Curtii

120 3563 279 3618 Studiorum
296 3562 348 3618 vol.
366 3563 405 3618 IV
422 3580 450 3632 p.
469 3568 527 3617 355.
