2986 4864
230 435 292 496 352
408 511 412 520 ⁴
747 433 839 514 Spiess

231 610 269 676 ir.
293 613 344 691 66,
376 606 532 672 δοκέων
556 605 592 670 lr.
617 609 667 687 87,
699 600 830 690 ὁρέων
853 605 889 671 tr.
914 609 964 670 87.
998 641 1040 652 --
1074 607 1122 671 De
1147 603 1362 673 declinatione

232 707 407 786 nominum,
431 723 564 786 quorum
587 703 683 787 stirps
704 703 739 769 in
756 728 767 768 ι
784 702 911 785 desinit,
935 703 999 768 alio
1023 704 1094 769 loco
1110 703 1285 770 dicendum
1305 711 1376 772 est·

318 803 468 868 Voualem
491 826 510 866 v
533 801 679 867 Lacones
707 819 833 885 semper
862 801 949 867 tusco
978 821 1057 866 sono
1084 801 1274 870 enuntiasse
1302 805 1361 888 pri·

232 922 318 968 mam
341 900 410 984 ejus
432 905 580 964 naturam
602 899 778 964 retinentes
792 899 873 964 satis
889 905 1023 984 constat,
1046 917 1242 981 quamquam
1258 921 1361 986 neque

231 1001 265 1064 in
280 998 381 1064 titulis
396 1015 501 1080 neque
515 995 603 1080 apud
619 996 869 1080 Aristophanem
889 997 970 1062 haec
993 996 1173 1081 proprietas
1192 999 1362 1065 scribendo

233 1115 387 1180 expressa
402 1102 474 1161 est·
491 1095 604 1176 Neque
626 1092 713 1177 apud
737 1100 879 1159 nostrum
903 1101 1031 1176 poetam
1055 1095 1154 1160 ullum
1179 1097 1366 1179 vestigium

232 1215 308 1282 nam
331 1213 394 1276 qua
417 1191 581 1274 quondam
601 1189 644 1256 ad
672 1191 755 1256 banc
784 1191 1002 1274 quaestionem
1034 1192 1229 1259 abutebatur
1252 1195 1361 1279 Bergk

232 1292 322 1356 varia
352 1290 490 1356 lectione
512 1289 549 1354 fr.
574 1293 593 1354 6
616 1309 799 1374 φουκεσσι,
831 1308 901 1353 eam
933 1309 997 1353 non
1020 1290 1062 1354 ab
1085 1291 1228 1373 antiquis
1251 1313 1362 1358 manu·
1391 1329 1394 1334 ·

234 1388 359 1471 scriptis
382 1387 550 1470 repetitam
574 1405 655 1467 esse,
678 1385 737 1452 sed
759 1387 890 1452 librario
909 1386 1035 1451 cuidam
1052 1386 1173 1470 deberi,
1198 1407 1240 1454 ex
1257 1391 1362 1456 verbis

234 1485 440 1551 aPrisciano
467 1483 587 1549 additis
615 1481 693 1550 satis
722 1491 860 1568 apparet
888 1483 940 1561 (ci.
963 1484 1115 1558 Zeitscbr.
1145 1486 1166 1549 t.
1191 1488 1360 1554 Altertbw.

239 1585 331 1647 1852.
355 1585 397 1659 2).

317 1705 336 1744 v
359 1699 417 1762 pro
433 1702 461 1759 o,
484 1678 569 1761 quod
591 1679 768 1746 Lesbiacae
790 1678 919 1745 dialecti
941 1681 1140 1764 potissimum
1164 1689 1224 1762 est,
1240 1681 1360 1748 'Doridi

233 1797 359 1861 quoque
380 1777 635 1844 meritodbreus
657 1778 801 1846 attribuit
822 1777 856 1841 in
872 1796 951 1843 voce
971 1773 1086 1860 ὅνυμα.
1117 1779 1253 1863 Legitur
1275 1779 1361 1864 apud

233 1876 420 1942 Alcmanem
444 1871 558 1956 aava?
576 1873 613 1940 ir.
630 1878 680 1939 27.
711 1873 868 1959 Corrupto
883 1881 931 1941 est
952 1876 1030 1941 sine·
1046 1875 1142 1942 dubio
1165 1897 1230 1941 vox
1254 1873 1360 1960 ὄνομα

234 1973 270 2038 fr.
297 1979 344 2036 17.

317 2093 416 2154 vpro
439 2095 460 2134 r
482 2070 515 2135 in
545 2069 659 2136 mediis
685 2069 816 2135 vocibus
845 2069 929 2134 inter
956 2070 1086 2136 vocales
1115 2070 1202 2154 apud
1225 2072 1359 2138 Lesbios

163 2245 166 2250 ¹
232 2169 382 2234 usitatum
411 2187 475 2231 non
504 2186 606 2249 aeque
634 2168 668 2231 in
696 2167 815 2232 Dorica
845 2166 982 2234 dialecto
1008 2167 1239 2250 frequentatur.
1286 2170 1360 2236 Uni·

233 2285 303 2331 cum
326 2265 507 2347 exemplum
531 2269 621 2329 extat
641 2264 673 2328 in
696 2266 816 2331 receuti
837 2265 928 2330 titulo
944 2266 1103 2331 Laconico
1120 2251 1154 2332 C.
1171 2268 1196 2331 l.
1220 2267 1260 2332 G.
1281 2271 1359 2332 1466

233 2360 432 2447 Λαυαγήτα.
462 2363 500 2426 In
523 2382 646 2446 papyro
669 2368 778 2428 nostro
800 2363 936 2444 legimus
955 2367 984 2427 2.
1001 2365 1041 2427 29
1065 2357 1359 2447 αὒειρομέναι,

233 2460 290 2526 sed
310 2461 358 2528 ita
380 2467 414 2562 ut
436 2483 476 2524 ov
499 2460 629 2525 brevem
652 2461 812 2544 syllabam
835 2459 940 2525 faciat.

468 2633 562 2711 §td
607 2631 663 2694 De
685 2630 889 2695 vocalium
911 2649 1118 2696 concursu.

317 2749 491 2815 Notissima
514 2749 569 2813 illa
589 2748 779 2832 spirantium
795 2747 871 2831 iuga
891 2749 1008 2814 factum
1032 2755 1090 2831 est,
1113 2756 1148 2814 ut
1169 2751 1360 2834 saepissime

231 2847 265 2911 in
287 2848 399 2929 lingua
414 2847 538 2912 Graeca
553 2847 683 2911 vocales
697 2852 934 2929 concurrerent;
957 2854 1070 2930 postea
1092 2866 1258 2912 varocum
1282 2851 1360 2916 baec

233 2944 396 3008 concursio
418 2943 621 3009 incommoda
637 2949 730 3023 esset,
753 2943 882 3008 vocales
897 2944 1042 3009 contrabi
1062 2953 1196 3026 coeptae
1219 2955 1306 3026 sunt,
1328 2948 1359 3012 in

233 3059 353 3122 quare
376 3059 439 3104 non
467 3059 577 3106 omnes
607 3039 735 3106 dialecti
765 3039 901 3107 eandem
929 3042 1085 3132 rationem
1114 3049 1190 3107 sunt
1218 3051 1357 3111 secutae.
1477 3047 1478 3110 4

232 3138 397 3202 Postremo
427 3136 587 3220 digamma
614 3138 699 3204 inter
726 3138 854 3203 vocales
879 3140 1022 3220 evanuit,
1051 3140 1159 3221 itaque
1188 3142 1296 3207 rarius
1324 3161 1358 3208 eo

233 3219 312 3299 eliso
335 3233 463 3300 vocales
493 3235 726 3301 coalescebant.
772 3235 867 3317 Sunt,
897 3235 931 3300 in
960 3237 1074 3318 quibus
1097 3236 1192 3302 nulla
1215 3238 1359 3304 Graecae

207 3332 363 3415 'linguae
391 3331 515 3416 species
545 3333 793 3399 contractionem
824 3333 989 3414 ostendat,
1024 3353 1106 3416 quae
1137 3335 1190 3399 bic
1217 3343 1358 3419 praeter·

231 3430 402 3512 mittimus3
431 3427 491 3496 'sed
514 3448 596 3512 quae
623 3431 657 3495 in
687 3433 846 3496 communi
874 3432 984 3514 lingua
1005 3431 1257 3508 contractionem
1280 3433 1358 3518 pati·

230 3535 335 3610 untur,
366 3547 436 3592 cum
466 3527 500 3593 in
522 3528 641 3594 Dorica
670 3527 825 3609 dialecto,
857 3548 940 3611 quae
971 3529 1134 3611 digamma
1161 3528 1285 3597 diutius
1313 3550 1357 3597 re·

230 3626 338 3708 tinuit,
370 3631 402 3691 et
430 3626 463 3690 in
486 3625 717 3708 antiquioribus
740 3627 886 3693 omnibus
908 3626 1055 3693 dialectis
1083 3627 1209 3692 solutae
1237 3628 1357 3694 formae

207 3722 265 3788 'in
286 3744 345 3788 usn
367 3722 500 3807 suerint,
525 3744 563 3790 ea
586 3722 804 3790 enumeranda
826 3731 914 3806 sunt,
944 3729 1098 3806 quotquot
1119 3725 1208 3807 apud
1232 3727 1357 3791 Alcma-

231 3839 304 3884 nem
327 3822 492 3902 leguntur:
516 3817 645 3886 ἀείδω
669 3841 744 3905 pap.
761 3824 790 3886 2.
808 3829 844 3905 53
867 3818 1075 3904 ἀείσομαι
1097 3821 1133 3885 fr.
1151 3819 1355 3907 2;,ἄειδεν

232 3915 269 3980 l'r.
282 3922 310 3998 1,
333 3918 454 3985 ibidem
476 3917 568 3985 codd.
585 3911 658 3984 ἀεὶν
681 3915 785 4000 ἄειδε,
809 3917 882 3984 αἰὲν
905 3915 1011 3996 c’r'etde,
1035 3909 1143 4002 Bergk
1166 3917 1353 4002 uisvdosds3

232 4009 488 4098 ἇοιδοτέραν
525 4036 599 4101 pap.
631 4020 660 4081 3.
691 4020 747 4100 293
789 4012 1091 4103 (ὅθεθλοφόρον
1128 4037 1203 4100 pap.
1234 4021 1264 4083 2.
1302 4023 1352 4098 143
