2916 4872
231 382 292 444 116
727 383 860 438 Baunaclr

316 560 369 636 42)
406 553 650 643 Κα-φάτιος
674 559 706 622 et
727 551 879 642 Κα-φώ
902 572 973 621 oum
997 551 1226 642 Περι-φήτης,
1246 550 1357 620 Ἀντι-

229 653 342 742 priapo
375 674 540 738 comparo,
576 673 616 719 ex
644 672 706 736 quo
735 652 1005 737 praepositionem
1035 651 1078 717 κά
1106 653 1140 717 in
1172 653 1219 719 ets
1253 653 1357 719 inesse

229 751 443 836 colligendum
466 771 537 819 esse
550 750 686 817 videtur.
723 752 773 816 De
787 750 977 816 formatione
992 750 1046 817 cir.
1063 748 1191 836 Κα-φώ
1211 776 1218 815 :
1236 749 1357 836 Καφά-

228 872 302 928 τιος
315 879 359 903 =
370 845 551 926 Ἀντί-πας
567 843 830 933 εἈντί-πατρος
845 880 884 898 =
897 840 1056 935 Ἐπαφρώ
1073 845 1354 934 εἘπαφρόδιτος.

314 949 472 1029 Quoniam
494 948 644 1031 exempla
665 967 730 1012 non
754 945 852 1011 dubia
873 945 1097 1028 brevissimae,
1122 965 1208 1028 quae
1234 947 1358 1029 excogi-

229 1046 291 1112 tari
317 1051 439 1130 potest,
468 1043 717 1129 praepositionis
744 1043 865 1109 formae
894 1042 936 1108 κά
966 1044 1241 1126 enumeravimus,
1273 1064 1356 1110 nune

230 1143 561 1227 quemadmodum
584 1142 689 1208 illud
712 1138 908 1206 adortum
931 1141 999 1225 sit,
1023 1141 1116 1207 nobis
1135 1146 1355 1224 estquaeren·

145 1231 147 1238 ’
230 1241 316 1308 dum.
360 1237 454 1321 Quod
482 1240 611 1323 quidem
637 1239 841 1323 duplicem
869 1239 910 1304 in
937 1238 1091 1306 modum
1120 1244 1262 1323 potest
1292 1259 1355 1304 ex-

229 1338 394 1422 plicari:

314 1439 355 1512 a)¹
382 1435 499 1501 Forma
527 1433 663 1519 plenior,
696 1453 791 1517 quam
818 1453 975 1518 persaepe
1003 1453 1146 1518 apocope
1175 1433 1264 1501 faeta
1295 1432 1355 1499 κάτ

228 1551 363 1601 sonasse
392 1538 532 1615 constat,
562 1552 601 1599 ex
630 1531 756 1614 legibus
783 1532 930 1616 linguae,
959 1532 1165 1598 consonantis
1187 1539 1297 1599 mutae
1321 1534 1353 1598 in

232 1631 296 1699 fine
317 1630 545 1699 vocabulorum
566 1630 773 1714 impatientis,
797 1628 839 1696 κά
862 1629 929 1697 deri
951 1629 1071 1696 debuit.
1110 1629 1248 1714 Saepius
1263 1632 1356 1696 etiam

232 1729 318 1812 aliae
340 1729 595 1813 praepositiones
605 1727 736 1795 similes
759 1729 1021 1794 commutationes
1043 1747 1160 1812 passae
1182 1735 1268 1794 sunt.
1310 1730 1358 1793 lta

231 1826 366 1893 occurrit
388 1823 410 1890 oi
432 1847 489 1911 pro
513 1822 591 1892 ἀνά
614 1825 647 1892 in
669 1826 779 1909 glossa
803 1827 948 1892 laconica
974 1821 1128 1891 ὀὲ-ττασιο
1158 1822 1355 1914 dod-capric,

230 1924 264 1990 in
296 1924 426 1992 aeolicis
461 1921 642 1990 ’ὁ-στασαν·
677 1919 874 2011 ἀνέστησαν,
911 1919 1106 1989 ὀ-σκάπτω·
1141 1916 1356 2003 domesticum,

231 2020 429 2098 ὀ-σταθείς·
454 2019 727 2104 &gayronum-ieta,
750 2021 785 2086 in
806 2022 917 2087 latinis
931 2022 1062 2086 vocibus
1078 2023 1234 2094 c-stosr'at,
1260 2032 1357 2085 o-stu·

231 2121 329 2182 tocies
351 2117 450 2199 (Ourt.
473 2119 596 2202 etymo
618 2139 648 2202 p.
673 2121 757 2197 307).
800 2119 964 2185 Interdum
988 2116 1003 2184 ἒ
1027 2139 1085 2204 pro
1108 2117 1145 2184 ἐκ
1167 2119 1302 2201 legitur:
1324 2120 1358 2184 in

230 2217 324 2284 inser.
346 2215 484 2282 lubricae
505 2235 553 2280 vs.
577 2219 596 2277 4
620 2212 660 2302 aa}
687 2213 781 2299 δάμω
805 2213 844 2302 aa}
870 2213 1032 2281 κοινάνων
1056 2237 1114 2300 pto
1138 2217 1195 2280 καὶ
1218 2213 1234 2281 ἒ
1261 2215 1356 2299 δάμω

231 2316 288 2379 καὶ
311 2312 326 2380 ἓ
350 2312 523 2392 zoroaster,
547 2332 593 2379 vs.
610 2310 635 2378 '8
659 2318 690 2378 et
713 2317 754 2378 20
777 2311 1021 2395 &Nava-roiam,
1048 2313 1122 2378 aliis
1143 2314 1224 2379 locis
1248 2315 1356 2392 (Alleu

230 2411 321 2478 Stud.
344 2411 409 2491 ΙΙΙ,
434 2413 508 2487 259)
537 2418 632 2495 atque
659 2411 691 2476 in
714 2410 882 2494 Phigaliae
903 2410 997 2476 inser.
1021 2408 1036 2476 ἐ
1063 2412 1225 2488 mactetur
1256 2416 1357 2491 (328a

229 2529 281 2593 ap.
299 2509 419 2590 Fons),
442 2507 484 2575 de
499 2528 562 2591 qua
576 2508 824 2592 praepositionis
840 2509 942 2573 forma
957 2509 1145 2575 Foucartius
1159 2509 1240 2575 miro
1261 2511 1355 2576 modo

229 2606 291 2674 hoc
312 2606 463 2674 adnotat:
492 2606 536 2684 „il
558 2605 626 2673 faut
647 2606 734 2672 aussi
757 2613 849 2671 noter
870 2605 904 2671 la
927 2625 1017 2672 erase
1041 2605 1081 2672 de
1102 2607 1136 2672 la
1157 2609 1357 2691 proposition

230 2703 268 2774 ἐκ
292 2706 374 2772 dans
395 2702 611 2782 ἐωιαλείας,“
647 2705 732 2769 Dein
750 2704 896 2770 conferas
918 2703 1015 2770 velim
1039 2699 1091 2785 ἀμ
1113 2724 1170 2787 pro
1193 2700 1303 2792 ἀμφί
1324 2707 1357 2772 in

219 2800 402 2886 ’ἄμπαιδες
424 2799 514 2878 (thr.
530 2799 572 2882 II,
589 2804 673 2882 357),
697 2793 795 2884 o'rpro
819 2797 927 2887 ἀμφί
948 2801 982 2865 iu
1005 2797 1186 2886 ἄ-τρακτος
1209 2808 1242 2867 et
1258 2799 1357 2888 ἄ-βο-

230 2901 288 2977 λος
311 2900 409 2978 (Curt.
432 2899 555 2982 Etym.⁴
576 2918 607 2981 p.
625 2901 716 2981 461),
739 2896 873 2984 adpro
896 2904 995 2965 ποτέ
1016 2900 1049 2965 in
1073 2899 1238 2965 vocabulis
1260 2921 1357 2984 supra

231 2997 356 3079 allatis,
385 2993 443 3059 not
463 3014 522 3078 pro
543 2991 656 3080 παρά
677 2995 712 3060 in
733 2995 994 3079 inscriptionibus
1016 2996 1355 3064 Halicarnassensibus

231 3092 463 3176 (Waebsmuth,
486 3092 566 3158 Mus.
582 3093 685 3159 Rhen.
700 3094 822 3175 XVIII,
845 3097 929 3175 570),
954 3091 1043 3177 ipro
1066 3091 1108 3160 ἐν
1129 3095 1164 3159 in
1186 3093 1357 3180 Olympiae

229 3190 448 3275 inscriptione,
474 3187 564 3272 ipro
585 3185 664 3254 ὑπό
680 3191 713 3256 in
730 3189 919 3275 Cypriorum
942 3189 1091 3274 dialecto,
1114 3193 1164 3256 cui
1186 3195 1356 3260 mutationi

231 3289 340 3372 glossa
363 3280 552 3372 ἰ-μίτραὸν·
574 3281 751 3367 ὗπόζωσον
773 3285 910 3374 Πάφιοι
932 3290 1081 3372 exemplo
1096 3296 1154 3356 est.
1193 3291 1301 3357 Etiam
1323 3293 1356 3357 iu

232 3386 371 3473 Cypriae
381 3384 440 3450 illa
450 3403 529 3451 voce
542 3381 757 3469 ἰκμαμμένος,
779 3404 875 3468 quarn
886 3385 1130 3468 Sicgismundus
1144 3393 1178 3454 ct
1193 3388 1356 3456 Deeckius

232 3483 325 3553 Stud.
337 3483 409 3564 VH,
423 3485 485 3547 247
497 3482 539 3548 ab
553 3479 695 3564 ἰκμαίνω
708 3483 919 3550 derivandam
931 3503 1002 3550 esse
1012 3491 1216 3570 putaverunt,
1228 3487 1267 3553 G.
1282 3487 1357 3554 (iur-

116 3611 119 3618 ·
230 3583 293 3650 tius
319 3588 426 3647 autem
447 3580 481 3645 in
502 3579 711 3648 adnotatione
735 3580 918 3648 dubitanter
939 3600 980 3647 ex
1010 3579 1227 3665 ἰ-κμα-μένος
1254 3593 1356 3652 ortam

231 3699 303 3747 esse
318 3677 461 3760 coniecit,
484 3677 566 3743 illud
583 3675 763 3743 ivicarium
783 3672 1110 3763 praeponderabat
1126 3700 1177 3747 me
1192 3681 1357 3750 invenisse

228 3783 316 3861 puto.
344 3777 462 3842 Forma
475 3775 615 3859 pertinet
628 3773 671 3840 ad
685 3770 881 3858 ὗποκάμνω,
903 3795 1047 3859 quacum
1062 3776 1189 3844 Curtius
1203 3777 1357 3866 Hesychii

230 3875 371 3958 glossam
405 3877 584 3956 adaperui·
618 3877 823 3939 assentanea
850 3882 1024 3957 comparat.
1076 3875 1216 3942 Verbum
1248 3886 1354 3945 autem

150 3983 153 3990 ’
229 3964 413 4052 ὕποκᾶμνω
435 3969 479 4036 ad
501 3970 658 4038 enuntiati
676 3979 857 4038 contextum
873 3971 1039 4056 aptissime
1054 3973 1218 4040 convenit:
1243 3973 1353 4053 „Filo-
