2968 4866
378 425 556 495 Quaestiones
575 425 793 496 macrologiceo
809 441 929 496 graecae.
1160 425 1221 489 285

92 599 351 668 renotandliches
379 598 591 666 hinzustellen
614 598 682 664 und
708 597 824 664 darauf
844 599 974 668 weitera
997 600 1224 685 Folgerungen

92 719 130 764 au
152 699 294 764 baueu.“

178 797 207 860 ll
238 794 446 862 contrario
480 793 585 862 enim
617 793 822 860 contendo
850 794 1007 861 tamdiu
1035 795 1223 862 vocalem

94 903 127 976 o,
157 891 193 958 si
216 892 353 974 quain
383 891 581 958 dialectis
603 890 855 976 reperiatur,
885 895 1020 960 veteri
1046 903 1223 976 oparem

91 988 359 1056 iudicandam
383 1008 490 1071 esse,
514 989 708 1071 quamdiu
725 1008 802 1054 non
824 990 1082 1073 gravissimis
1101 1011 1223 1074 argu·

92 1088 243 1154 mentis
270 1087 319 1153 ab
341 1087 415 1152 hac
437 1087 648 1154 sententia
669 1087 868 1154 recedere
890 1107 1088 1171 cogamur.
1133 1087 1223 1156 Gete-

91 1206 161 1253 rum
190 1185 314 1252 moneri
343 1184 440 1252 debet
471 1204 536 1250 non
565 1190 631 1252 tam
661 1184 702 1252 de
730 1205 768 1252 eo
797 1185 868 1270 agi,
894 1186 1016 1254 vocalis
1045 1196 1064 1250 o
1093 1185 1223 1253 dialecti

92 1283 184 1350 eleae
212 1289 318 1348 utrum
348 1280 526 1365 paullulum
555 1282 589 1347 in
618 1283 879 1367 pronuntiatione
904 1283 948 1349 ad
977 1309 996 1371 η
1019 1281 1224 1351 inclinaverit

91 1401 134 1446 an
156 1400 238 1464 pure
259 1380 467 1464 pronuntiata
484 1380 525 1446 sit
540 1416 582 1426 -
598 1381 669 1463 quis
692 1381 777 1448 enim
799 1380 909 1447 hocin
930 1381 1065 1448 fontium
1087 1381 1224 1465 penuria

93 1477 330 1545 diudicaverit?
353 1515 393 1526 —
421 1499 515 1562 qnam
538 1478 580 1544 de
609 1499 662 1561 eo,
690 1480 762 1546 elea
785 1478 942 1546 dialectus
964 1486 1068 1546 utrum
1090 1478 1223 1563 propius

91 1576 223 1660 reliquis
245 1577 288 1644 ad
311 1579 534 1644 vestustiorem
559 1578 690 1660 linguae
712 1583 831 1644 statum
853 1576 989 1644 accedat
1009 1597 1135 1656 necne„

178 1673 307 1742 Scilicet
336 1675 463 1758 egregie
498 1674 672 1741 dolendum
701 1681 750 1743 est
783 1695 848 1740 non
881 1693 986 1758 pauca
1017 1694 1058 1740 ex
1092 1675 1222 1758 reliquis

92 1771 277 1838 nominibus
304 1772 338 1839 in
367 1783 406 1836 oo
429 1780 461 1839 et
483 1783 518 1836 os
547 1793 587 1840 ex
615 1775 688 1840 elea
716 1773 855 1839 dialecto
877 1771 971 1838 nobis
994 1791 1065 1839 esse
1093 1772 1221 1855 tradita,

92 1869 209 1952 quibus
224 1890 383 1952 quaenam
399 1871 521 1938 vocalis
542 1870 576 1936 in
598 1870 730 1956 reliquis
752 1869 846 1937 huius
867 1870 996 1954 generis
1017 1869 1223 1936 nominativis

91 1968 232 2034 valuerit
253 1987 443 2052 cognoscam
473 1988 538 2053 qua
566 1988 601 2036 re
623 1973 723 2035 totam
746 1967 966 2051 quaestionem
988 1967 1096 2050 aliquo
1125 1967 1221 2034 modo

90 2067 248 2132 incertam
270 2064 352 2132 affici
375 2087 441 2132 non
462 2086 555 2149 nego.

178 2163 379 2247 Quamquam
409 2164 589 2247 suspicatus
617 2164 677 2231 sim
705 2162 812 2248 potius
839 2161 967 2250 ποιμήν
997 2170 1030 2231 et
1059 2159 1222 2249 δυσγενής

91 2282 189 2344 quam
211 2249 372 2344 *noticia
396 2250 584 2346 *δυσγενᾶς
607 2280 679 2328 esse
694 2261 912 2346 pronuntiata.
950 2263 1019 2328 Hoc
1042 2261 1129 2328 enim
1143 2261 1223 2327 mihi

92 2360 195 2425 torma
216 2357 443 2447 Δαμοκράτηρ
473 2379 504 2425 v.
529 2366 559 2426 4.
603 2360 792 2445 persuadet,
821 2379 904 2444 quae
927 2379 1120 2444 quamquam
1151 2378 1222 2427 cum

91 2447 204 2543 πατᾶρ
229 2447 414 2542 comparata
436 2457 514 2524 satis
536 2458 618 2523 mira
639 2457 775 2541 videtur,
802 2465 911 2524 tamen
932 2457 1028 2524 facile
1051 2457 1223 2540 explanari

91 2563 215 2639 potest,
241 2555 412 2622 dummodo
438 2556 622 2623 memineris
644 2555 695 2634 (ci.
718 2559 784 2637 §a
806 2555 865 2632 IV)
887 2575 1009 2622 morem
1030 2555 1123 2619 illum
1146 2577 1167 2620 σ
1188 2555 1223 2620 in

92 2654 155 2721 fine
170 2653 399 2720 vocabulorum
414 2655 449 2720 in
472 2679 490 2738 ρ
513 2653 659 2720 mutandi
675 2652 755 2719 satis
769 2654 890 2722 recenti
906 2660 1049 2736 tempore
1067 2651 1101 2717 in
1117 2653 1222 2718 oleam

92 2751 459 2836 dialectumirrepsisse.
483 2752 544 2818 Per
559 2752 695 2817 multum
710 2749 806 2832 igitur
816 2750 969 2834 temporis
981 2747 1221 2836 Δαμοκράτηςε

91 2840 206 2934 πατάρ
228 2849 428 2934 pronuntiari
443 2855 624 2933 potueruut.
661 2849 721 2915 Hie
736 2849 896 2932 quispiam
911 2847 1028 2914 dixerit
1041 2844 1223 2930 Δαμοκρά-

91 2973 153 3034 τηρ
175 2952 212 3012 ut
234 2947 394 3032 peregrini
416 2947 476 3013 viri
498 2968 617 3017 nomeu
639 2981 681 2994 -
706 2946 868 3032 Τενέδιορ
897 2946 982 3037 enim
1011 2951 1082 3013 erat
1103 2947 1223 3011 Damo-

92 3051 197 3112 crater
217 3081 261 3091 —
282 3045 403 3113 nullius
425 3065 496 3113 esse
525 3045 695 3129 ponderis,
726 3044 841 3112 eodem
863 3045 949 3110 enim
971 3043 1066 3110 modo
1089 3040 1223 3109 aliunde
1261 3125 1265 3128 ,

92 3149 257 3226 receptum
287 3162 360 3210 esse
388 3163 450 3227 quo
483 3164 514 3208 v.
538 3148 589 3209 37.
633 3143 790 3229 Μίλητον
823 3162 881 3225 pro
903 3144 1071 3209 Mttucor.
1099 3177 1142 3187 —
1170 3142 1223 3224 At,

92 3241 200 3321 credo,
224 3241 307 3322 illei,
329 3241 357 3308 si
378 3241 487 3308 aliena
502 3240 641 3307 nominis
662 3240 766 3307 forma
787 3240 837 3308 usi
856 3247 973 3323 essent,
997 3236 1223 3326 Δαμοκράτης

92 3345 150 3405 aut
161 3337 390 3427 Δημοκράτης
404 3339 615 3423 scripsissent.
653 3339 718 3406 Res
739 3339 846 3423 igitur,
869 3338 898 3405 si
920 3337 999 3420 qnid
1013 3335 1119 3419 rideo,
1141 3336 1223 3402 haec

92 3435 160 3516 tuit,
184 3437 314 3503 ueniet
337 3435 466 3524 ποιμήν
490 3443 522 3504 et
544 3431 682 3521 εὐγενής
698 3461 705 3499 c
721 3422 834 3520 πατοῗρ
858 3435 1011 3502 dicerent.
1056 3435 1125 3499 Hoc
1147 3453 1223 3516 quo·

92 3533 190 3600 modo
220 3534 263 3600 sit
290 3534 408 3601 iactum
438 3534 523 3600 intra
547 3533 748 3616 docebimus,
778 3552 864 3600 nunc
892 3534 954 3599 hoc
981 3531 1060 3597 mihi
1086 3537 1222 3613 constat,

92 3630 293 3698 laudandum
305 3651 377 3700 essa
391 3638 424 3700 et
438 3630 641 3716 probandum
651 3632 681 3698 J.
689 3630 901 3698 Schmidtium
913 3630 966 3710 (K.
978 3629 1013 3696 Z.
1024 3628 1224 3707 XXIII375)

92 3730 272 3795 dicentem:
316 3731 403 3809 ,nur
436 3730 489 3797 die
517 3728 773 3796 beverstehande
803 3727 1048 3810 Untersuchung
1077 3726 1134 3792 hat
1158 3747 1222 3794 von

93 3826 157 3894 deu
179 3826 432 3910 neugefundnen
454 3828 598 3896 elischen
620 3829 759 3894 Formen
780 3818 964 3894 besonde'rn
985 3825 1076 3892 Wert
1097 3822 1222 3910 πατάρ,

92 3925 235 3992 welches
256 3944 361 4008 gagen
384 3924 447 3992 den
469 3927 589 3993 Ansata
611 3946 676 3992 von
697 3922 810 4011 πατήρ
832 3924 883 3990 als
904 3921 1121 4007 urgrieohisch
1144 3923 1222 3990 oder

90 4022 321 4107 urenroptiseh
355 4023 551 4107 protestirtff
604 4025 717 4108 Longe
747 4042 823 4090 vero
860 4019 1018 4088 difficilius
1050 4040 1147 4104 quam
1182 4021 1223 4090 de
