2986 4864
227 429 269 484 De
287 427 397 483 ablativi
414 428 443 482 in
461 427 596 482 veteribus
614 428 711 497 linguis
729 429 828 484 italicis
846 430 934 486 forma
952 436 979 486 θῖ
996 448 1048 486 usu
1066 432 1155 487 locali.
1194 429 1259 490 3872

128 602 228 669 luisse
251 601 411 683 diversas3
442 599 576 681 deinde,
607 619 677 665 oum
707 601 842 667 ablativi
869 604 1005 687 pluralis
1031 603 1123 668 latini
1153 625 1257 684 usum,

129 700 234 783 qualis
249 699 300 780 sit,
323 704 514 782 apetamus,
536 698 665 762 illorum
681 701 850 781 sententia,
874 702 928 783 qui
944 700 1028 766 huno
1043 721 1152 767 oasum
1173 703 1259 767 loea-

112 797 228 880 tivum
261 815 332 861 esse
361 802 491 879 putant,
520 794 615 861 nobis
637 797 734 863 valde
756 798 891 880 arridet3
923 798 981 864 sed
1004 797 1088 880 quod
1118 801 1258 864 maxime

129 914 189 960 nos
210 892 355 977 impedit,
379 893 548 975 quominus
563 893 668 976 Boppi
691 895 882 960 sententiam
904 896 1085 977 probemus,
1109 896 1170 960 hoo
1192 903 1256 962 est:
1304 902 1311 922 ‘

129 1011 194 1057 non
220 997 270 1056 est
293 989 440 1070 dubium,
468 991 544 1073 quin
566 991 600 1054 in
623 991 735 1074 lingua
762 992 1025 1075 indogermanioa
1046 993 1141 1059 huius
1163 1013 1257 1058 oasus

130 1089 234 1164 exitus
256 1086 378 1171 bljams
405 1087 513 1168 luerit,
543 1088 629 1153 unde
657 1089 691 1153 in
719 1089 831 1172 lingna
856 1090 965 1155 italioa
984 1089 1058 1172 jor,
1092 1090 1126 1154 in
1157 1090 1258 1155 latina

130 1185 193 1256 bos,
218 1183 274 1246 bus
294 1183 464 1250 formatum
487 1204 558 1250 oum
581 1187 680 1270 stirpe
702 1188 870 1252 verborum
890 1187 957 1250 ini
978 1187 1162 1252 exeuntium
1184 1205 1259 1252 oon·

128 1281 324 1364 iungebatur
346 1282 507 1365 (noi-bus);
535 1284 636 1348 rerba
665 1291 771 1349 autem
796 1284 831 1348 in
853 1289 1082 1350 consonantem
1106 1283 1259 1350 exeuntia

130 1400 171 1445 ex
205 1380 317 1444 horum
350 1381 504 1462 analogia
535 1380 603 1442 ibus
635 1382 726 1463 stirpi
759 1381 989 1464 adiungebant.
1034 1380 1259 1448 Sohleioherus

129 1483 237 1542 autem
261 1476 507 1560 (Compendium
530 1496 604 1560 pag.
628 1481 702 1556 569)
732 1478 888 1560 multique
914 1479 1060 1544 homines
1083 1476 1259 1543 doctissimi

131 1593 171 1641 ex
194 1573 308 1640 sulfixo
332 1573 454 1657 lljams
476 1575 571 1639 etiam
588 1577 707 1639 exitum
729 1574 865 1640 ablativi
888 1577 941 1641 vel
965 1575 1065 1640 dativi
1087 1576 1258 1640 verborum

129 1673 163 1737 in
186 1693 207 1734 u
229 1677 262 1736 et
284 1691 302 1758 0
326 1670 510 1735 exeuntium
535 1671 670 1752 ducunt,
701 1673 762 1736 rati
785 1672 844 1736 has
866 1671 985 1737 formas
1006 1673 1105 1736 aliam
1129 1672 1258 1736 exalia

129 1768 299 1853 paullatim
316 1774 444 1833 exortas
460 1785 547 1832 esse:
570 1767 735 1852 *equofios
746 1803 787 1814 -
802 1768 978 1851 *equalina
991 1803 1034 1814 -
1048 1766 1205 1852 *aquales
1216 1803 1258 1814 -

131 1867 228 1952 equa
263 1865 367 1944 Quam
389 1865 581 1931 sententiam
604 1884 713 1930 veram
736 1885 801 1930 non
824 1884 896 1930 esse
918 1883 958 1930 ex
980 1865 1093 1955 lingua
1114 1865 1258 1930 umbi-lua

129 1969 277 2048 apparet.
321 1963 436 2044 Stirpis
458 1962 543 2026 enim
563 1961 661 2044 fratr
683 1962 750 2035 (lat.
763 1960 907 2045 suntor),
937 1957 992 2023 ovi
1012 1963 1081 2032 (lat.
1104 1963 1180 2036 uois)
1203 1961 1259 2026 ali-¹

130 2061 250 2126 latirus
275 2059 410 2142 pluralis
433 2065 483 2123 est
500 2059 648 2141 fratros,
672 2061 771 2142 αυθῖῖς
800 2059 910 2141 stirpis
932 2058 1098 2123 rooalibus
1121 2079 1140 2120 a
1163 2059 1216 2124 vel
1239 2079 1258 2120 o

130 2157 324 2223 terminatae
345 2155 509 2222 ablativus
531 2164 580 2224 est
605 2157 792 2241 Treplooas,
820 2157 966 2240 dequarius
994 2157 1039 2231 (in
1062 2156 1181 2220 tabulis
1202 2176 1259 2238 po·

130 2254 316 2322 ster-loribus
352 2252 534 2325 Treblauer,
569 2254 746 2338 deanirr),
781 2274 852 2318 oum
885 2260 1009 2318 eontra
1028 2253 1106 2318 illae
1137 2252 1259 2317 formae

131 2352 228 2418 etiam
251 2356 318 2415 tum
340 2350 480 2414 litteram
502 2372 518 2412 s
538 2349 885 2432 intaetamretineant.
929 2351 1011 2414 Nam
1034 2353 1106 2414 ourn
1128 2350 1260 2432 linguae

129 2449 295 2514 nmbrioae
322 2447 509 2530 posterioris
536 2448 684 2531 proprius
712 2447 754 2513 sit
780 2447 991 2513 rhotaoirmus
1020 2483 1061 2494 -
1093 2447 1164 2511 dieo
1187 2467 1259 2511 eam

130 2547 246 2628 legem,
270 2563 333 2626 qua
355 2543 534 2626 quodqueo
551 2544 689 2627 simplex
710 2545 764 2608 vel
785 2542 1009 2609 intermedium
1031 2544 1084 2610 rel
1105 2541 1202 2608 finale
1224 2544 1258 2607 in

130 2665 149 2706 r
166 2648 308 2708 mutatur
323 2675 374 2720 -,
397 2641 482 2706 inter
501 2663 518 2702 a
539 2640 694 2722 litteram,
718 2660 801 2723 quae
822 2647 966 2706 servatur
986 2640 1021 2704 in
1043 2639 1152 2704 formis
1175 2640 1259 2702 noem

130 2777 173 2788 -
189 2740 282 2810 aneia
307 2744 339 2804 et
360 2738 460 2818 illam,
486 2757 569 2820 quae
590 2744 731 2802 mutatur
750 2738 786 2819 in
807 2738 917 2802 formis
935 2737 1108 2820 Trepluner
1120 2771 1164 2782 -
1182 2738 1259 2798 Tre·

130 2837 241 2900 olane·
260 2855 292 2927 a.
315 2855 357 2915 a,
382 2834 506 2916 aliquid
531 2835 687 2900 interesse
715 2835 895 2917 putandum
923 2840 981 2900 eet.
1025 2834 1110 2898 Nam
1133 2835 1160 2898 si
1189 2833 1260 2915 quis

129 2935 219 3000 dieat
233 2934 267 2996 in
282 2932 394 3014 lingua
407 2931 561 3012 umbrioa,
585 2951 667 3014 quae
682 2931 714 2995 in
730 2932 843 2997 tabula
857 2932 978 3015 quinta,
998 2938 1099 3012 sexta,
1123 2930 1260 3014 septima

129 3032 258 3116 legitur,
282 3034 513 3094 consonantem
534 3051 551 3091 s
571 3030 654 3094 inter
677 3027 758 3094 duas
779 3029 909 3095 vocales
930 3034 986 3094 aut
1007 3029 1042 3092 in
1064 3027 1128 3094 fine
1146 3023 1260 3094 verbo-

129 3149 200 3194 rum
222 3127 371 3206 inveniri,
395 3125 536 3208 proleoto
559 3126 641 3190 illud
659 3147 676 3187 a
696 3147 761 3191 non
784 3134 833 3192 est
855 3127 1003 3210 simplex,
1026 3126 1112 3209 quod
1134 3126 1184 3192 his
1207 3123 1261 3192 e‘x'ss

132 3224 249 3308 emplis
270 3222 522 3288 demonstratur:
545 3221 653 3294 ntum,
675 3243 734 3305 pro
756 3243 819 3306 qno
841 3223 875 3286 in
897 3225 1009 3288 tabula
1030 3223 1167 3306 Iguvina
1189 3221 1259 3287 VH.

130 3343 160 3388 a.
173 3325 213 3386 43
230 3320 346 3383 marm
360 3321 491 3403 legitur3
514 3331 607 3392 taces,
624 3327 820 3385 eontraotnm
837 3339 877 3386 ex
892 3319 1045 3391 *taverna
1062 3320 1260 3401 quodetiam

116 3438 189 3503 -per
212 3428 317 3490 taces,
350 3437 433 3500 quae
454 3418 636 3482 tabularum
665 3416 878 3498 antiquiorum
901 3417 1058 3499 seriptura
1080 3422 1145 3497 est,
1176 3435 1260 3479 oom-

130 3517 294 3603 probatur.
406 3555 407 3560 κ

217 3613 321 3691 Quam
344 3611 386 3676 ad
410 3610 644 3694 dilfioultatem‚
674 3631 758 3694 quae
780 3609 976 3676 Sohleioheri
1004 3610 1165 3675 sententia
1190 3631 1260 3692 pro·

131 3713 209 3778 bata
225 3695 378 3790 exoritur,
401 3709 630 3774 removendam
652 3714 751 3793 atque
772 3707 849 3790 quid
871 3707 998 3776 intersit
1019 3707 1103 3772 inter
1125 3707 1260 3772 ablativi
1337 3776 1340 3782 ,

131 3809 252 3874 formas
275 3805 503 3890 explicandum
525 3808 567 3871 ab
589 3807 662 3872 aliis
684 3804 773 3872 aliud
793 3805 980 3888 requisitum
1003 3811 1051 3874 est
1072 3804 1259 3869 remedium.

132 3905 324 3972 Aulreohtus
350 3910 382 3970 et
397 3903 612 3970 Kirohholfius
634 3905 668 3968 in
689 3905 746 3970 illo
767 3902 849 3968 libro
873 3901 955 3981 (ΑΚ.
978 3902 1040 3966 Die
1057 3901 1261 3967 umbrisohen

132 4002 459 4086 Spraohdenlxmaler,
482 4001 593 4066 Berlin
619 4004 753 4078 1849l50
775 4020 849 4084 pag.
875 4003 946 4063 114.
972 4001 1171 4081 128.‘a;'s.)‚
1199 4015 1261 4080 quo

1001 4101 1055 4152 25*
