2986 4864
473 423 514 478 De
531 423 670 480 Alcmanis
688 431 785 494 poetae
804 426 927 483 dialecto.
1128 419 1131 428 ‘
1196 427 1264 490 '353

137 593 251 674 ἕειξε
276 594 312 660 11.
337 599 388 660 31.
433 595 640 662 Dubitantius
662 595 760 662 νόον
783 597 899 678 affero,
930 618 1024 680 quem
1047 619 1158 666 vocem
1181 604 1264 669 anti-

133 695 241 776 quitus
257 717 279 757 s
293 693 479 759 instructam
503 693 601 760 fnisse
623 694 889 760 verisimillimum
909 701 956 760 est
978 694 1013 760 11.
1031 700 1080 760 42.
1097 731 1139 746 -
1155 700 1264 766 Durae
1367 705 1369 710 ’

135 791 265 856 vocales
289 798 472 856 contractae
494 790 733 873 conspiciuntur
752 793 784 856 in
808 793 858 858 his
873 791 1018 858 vocibus:
1042 790 1165 860 ἀλιον
1188 816 1263 880 pap.

135 892 163 952 2.
182 893 199 952 7
225 908 266 954 ex
283 883 407 964 ἀέλιον,
431 888 516 970 quod
539 889 627 972 epod
642 889 816 954 Pindarum
840 888 1159 973 quoqueinvenitur,
1184 894 1263 976 legit

134 986 239 1064 Riese,
263 1005 335 1050 oum
357 985 484 1051 Aureus
506 983 625 1050 sddtov
648 985 818 1068 praeierat.
856 985 1006 1052 κλεννά
1027 1008 1102 1074 pap.
1127 993 1158 1054 2.
1183 995 1220 1055 10
1245 1011 1263 1058 e

134 1080 283 1148 κλεεννά.
319 1088 406 1168 φώς
428 1103 502 1166 pap.
520 1086 586 1148 26
609 1103 649 1149 ex
673 1081 771 1169 φάος.
809 1088 933 1170 matous
956 1091 1068 1150 contre
1090 1105 1164 1169 pap.
1188 1090 1261 1152 29

134 1180 263 1261 (Blass),
288 1179 373 1262 quod
396 1179 515 1265 φήν.ν
538 1181 647 1263 Bergk
671 1187 703 1246 et
721 1180 847 1247 Ahrens
869 1182 990 1263 legunt,
1014 1181 1152 1249 hicnon
1176 1191 1262 1251 recte

132 1277 174 1342 ad
198 1281 344 1364 φαελνην
368 1278 546 1360 reduxerit,
578 1298 649 1342 oum
672 1278 778 1361 potius
801 1299 822 1344 a
843 1277 942 1361 stirpe
970 1302 1039 1364 φαν
1066 1280 1262 1348 descendere

131 1374 290 1443 videatur.
325 1375 466 1441 1101111.
491 1375 603 1442 Grdz.⁴
626 1378 698 1440 297.
748 1372 1059 1441 Οἰνουντιάδαν
1080 1377 1117 1442 11.
1137 1383 1195 1444 117
1219 1398 1260 1445 ex

46 1551 47 1556 η
135 1469 388 1539 Οἰνοενσιάάαν.
440 1469 598 1558 ἀγροῖκος
632 1473 669 1538 11.
698 1477 737 1536 25
772 1472 942 1557 Chrysipp.
977 1475 1059 1556 περὶ
1088 1470 1261 1560 ἀποφατι-

131 1574 198 1633 κιῦν
222 1589 249 1634 o.
273 1574 311 1634 21
343 1571 495 1655 praebet,
525 1566 641 1655 ἀγριος
670 1570 781 1654 Steph.
804 1571 881 1653 Byz.
905 1565 1127 1655 1.Ἕροσ1χη,
1158 1591 1262 1655 eque

130 1669 269 1733 lectione
292 1669 332 1733 M.
357 1667 502 1734 Schmidt
531 1674 563 1733 et
585 1668 711 1733 Ahrens
740 1666 943 1749 suspicantur
972 1662 1106 1748 ἀγρεῖος
1130 1676 1257 1751 poetam

130 1764 299 1846 scripsisse
313 1765 434 1847 (Bergk
449 1761 631 1849 ἄγροικος).
654 1800 696 1810 -
719 1763 831 1830 Utrum
855 1764 917 1829 hae
940 1759 1061 1828 formae
1076 1770 1258 1831 contractae

128 1879 169 1926 ex
185 1862 347 1928 Laconica
362 1862 500 1928 dialecto
519 1862 646 1944 petitae,
663 1860 761 1927 anob
777 1860 839 1925 hec
857 1859 985 1926 alienae
999 1858 1125 1941 fuerint,
1146 1868 1259 1945 postea

129 1963 308 2040 quaeretur.
1222 1983 1223 1986 ¹

214 2055 290 2121 Alia
313 2056 457 2122 condicio
481 2062 529 2122 est
548 2055 707 2121 vocalium
724 2054 883 2136 durarum,
908 2073 990 2135 quae
1006 2076 1026 2119 σ
1042 2057 1094 2121 vel
1108 2055 1133 2138 j
1152 2054 1256 2139 ejecto

126 2171 162 2218 se
185 2153 406 2235 excipiebant:

214 2274 254 2315 αε
279 2275 333 2316 αει
359 2253 393 2316 in
422 2251 540 2316 Dorica
570 2250 707 2316 dialecto
737 2268 864 2332 semper
894 2249 1124 2315 contrahuntur
1153 2269 1259 2332 neque

127 2348 196 2412 ulla
219 2350 326 2413 soluto
340 2348 441 2414 forma
456 2347 544 2431 apud
559 2348 746 2414 Alcmenem
769 2347 935 2429 reperitur.
969 2345 1008 2410 oi.
1024 2347 1044 2424 ξ
1059 2350 1088 2411 7.
1111 2381 1153 2393 -
1176 2348 1257 2413 ltem

126 2468 168 2508 σο
194 2451 226 2510 et
241 2469 291 2508 σω
308 2465 434 2529 semper
456 2450 489 2510 et
510 2446 544 2509 iu
560 2445 677 2510 Dorica
700 2444 839 2510 dialecto
863 2451 895 2509 et
912 2443 946 2506 in
961 2442 1157 2508 Alcmauiois
1172 2444 1257 2526 irog-

126 2543 245 2607 mentis
268 2544 471 2624 conluerunt,
502 2542 564 2607 uisi
588 2540 673 2623 qnod
692 2538 905 2622 Ἀλκμάων
927 2538 963 2602 11.
989 2541 1026 2617 71
1052 2539 1255 2623 conspicitur,

124 2659 197 2704 cum
213 2640 375 2706 Laconica
396 2639 492 2722 hujus
514 2638 653 2704 nominis
673 2637 776 2702 forme
790 2638 827 2701 11.
847 2642 884 2700 17
908 2642 1073 2719 appareat.
1111 2636 1256 2701 Alterum

124 2738 253 2803 solutae
276 2738 397 2803 formae
413 2738 595 2820 exemplum
611 2735 645 2800 in
661 2734 794 2815 Bergkii
810 2733 905 2798 tertis
927 2731 1098 2816 lyricorum
1113 2731 1256 2798 editione

125 2834 264 2916 legimus
286 2835 323 2900 11.
340 2839 391 2900 34.
409 2840 427 2897 5
448 2835 545 2918 χερσὶ
568 2830 737 2898 λεάντειον
759 2827 843 2913 γάλα
863 2827 1024 2915 dejoco,
1048 2828 1105 2894 sed
1128 2828 1256 2896 codices

123 2931 188 3014 ipsi
211 2931 367 3015 mojorem
390 2931 484 2998 fidem
514 2931 635 2997 iaciunt
664 2934 846 2994 contractae
875 2927 997 2992 formae
1022 2923 1115 3011 ddoa
1145 2927 1256 3010 (χερσὶ

124 3029 279 3094 λεονσέον
303 3027 541 3108 ἐσαλαθεῖσα),
565 3046 648 3111 quae
670 3032 771 3090 metro
794 3045 858 3091 non
881 3030 1050 3108 repugnat.
1084 3024 1124 3089 oi.
1141 3019 1255 3108 ἐπρία,

124 3126 212 3208 quod
239 3109 389 3197 Doricum
420 3145 490 3192 esse
521 3131 655 3191 testetur
683 3123 908 3215 grammaticus
937 3122 970 3186 in
1000 3119 1122 3188 Anecd.
1152 3119 1255 3187 Oxou.

125 3224 266 3288 111241.
286 3229 333 3289 11.
371 3224 409 3288 cf.
425 3227 445 3305 ξ
462 3227 491 3288 6.
514 3258 555 3269 -
579 3246 614 3287 εο
637 3228 669 3288 et
691 3245 736 3287 εον
759 3219 934 3287 secundum
957 3220 1063 3301 legem
1084 3219 1254 3286 severioris

126 3321 257 3388 Doridis
279 3341 344 3387 non
363 3321 608 3387 contrahuntur:
632 3316 790 3394 ἄνθεος
812 3319 944 3400 11.117;
970 3314 1091 3381 ἐ’σνεο
1100 3338 1117 3390 ς
1139 3315 1176 3378 11.
1194 3319 1253 3398 333

123 3423 192 3483 τέο
217 3419 253 3483 11.
272 3422 328 3502 19;
352 3416 484 3484 ἐντέων
507 3419 543 3483 11.
561 3423 616 3499 45;
641 3412 778 3496 ἁμέων
801 3415 837 3478 11.
855 3418 911 3496 66;
936 3410 1065 3496 ὀρέων
1088 3413 1125 3475 11.
1143 3413 1193 3475 60.
1220 3415 1253 3492 13

125 3511 794 3599 ἀγλσάεο11.123;αἰνέοντιί1.66;
820 3502 1251 3590 δοκέων11.87;ὃρέων

122 3613 222 3696 inid.;
245 3608 294 3676 ἀὸ
303 3612 528 3698 ελφιδεοῐς
543 3611 580 3676 11.
597 3613 646 3674 56.
679 3608 935 3677 contractionem
950 3606 989 3671 in·
1000 3629 1047 3683 εν,
1068 3623 1151 3685 quae
1165 3604 1253 3687 apud

125 3710 221 3775 Iones
245 3716 277 3775 et
295 3711 468 3776 nonnullos
485 3708 657 3774 Dorienses
671 3706 783 3788 valuit,
807 3704 916 3787 Bergk
931 3701 1079 3767 Alemani
1095 3699 1253 3784 coneedit,

123 3827 197 3872 cum
213 3806 250 3871 11.
268 3810 308 3871 72
325 3807 475 3893 σκάφεος
497 3825 554 3889 pro
575 3801 725 3890 σκαφεύς
741 3803 867 3870 scribat.
898 3800 1008 3866 Potest
1022 3798 1138 3879 aliquis
1153 3796 1253 3863 offen·

126 3903 203 3970 dere
219 3904 253 3970 iu
269 3923 318 3988 eo,
341 3904 427 3988 quod
444 3903 503 3968 viri
525 3901 658 3990 doctidn
678 3921 791 3985 papyr.
808 3902 837 3963 3.
854 3905 872 3964 5
895 3901 1084 3980 receperunt
1106 3894 1252 3961 ἑνθοῖσα

124 3997 320 4079 (ἀνελοῦσα).
365 4002 552 4066 Nemeum
581 4000 662 4065 haec
690 4019 755 4062 non
783 4015 859 4062 vere
891 3995 933 4062 sit
959 3990 1118 4060 Lesbinca
1150 3992 1254 4058 forma

178 4102 281 4145 Cosmus
295 4115 315 4144 n.
330 4103 453 4148 Beneuen,
473 4100 566 4142 Studien
579 4100 603 4140 X.
753 4153 759 4176 ,
851 4122 855 4126 -
1014 4088 1079 4146 23'
