2968 4866
436 423 613 492 Quaestiones
632 425 853 495 dialectologicae
869 405 990 497 6666666.
1215 430 1277 494 293

147 590 264 678 bybso)
292 595 521 679 formarentur,
556 616 618 681 quo
646 597 757 664 dorioa
784 597 842 665 illa
870 603 1161 687 ouspuoo'epopta‘)
1176 626 1184 669 :
1201 609 1278 671 στέ-

146 715 274 778 φανο-ς
295 693 389 760 Ρ161.
413 692 450 760 Ο.
474 691 555 760 VIII
580 699 628 760 10.
661 685 848 777 πολιάοχος
870 695 906 763 0.
931 697 960 763 V
985 704 1033 765 1o.
1071 698 1276 784 ἑκατᾶβόλος

145 788 182 856 Ο.
205 791 254 856 IX
279 795 308 855 5.
338 789 574 875 πολεμᾱδόκος
594 793 631 858 Ρ.
653 792 685 857 X
708 797 756 859 13.
790 797 961 880 Θεᾶγένης
983 804 1042 864 616.
1072 797 1126 863 616.
1148 798 1279 866 Alrrens·

144 889 176 952 II
202 891 262 954 136
292 890 343 966 (61.
366 891 439 956 6611.
462 889 678 973 66611666-961,
703 889 916 975 belrimo-pot).

230 987 301 1052 Hoo
329 988 426 1070 igitur
453 988 486 1053 in
515 986 622 1054 medio
650 988 868 1070 relinquimus.
912 989 999 1055 Illud
1026 999 1113 1058 uerte
1140 999 1274 1077 6666161,

145 1083 287 1151 Graecos
310 1103 436 1167 quoque
458 1084 622 1169 quondam
649 1085 684 1160 in
706 1087 927 1154 numeralibus
949 1087 1015 1154 illis
1037 1091 1059 1152 ἆ
1079 1109 1138 1173 pro
1161 1113 1181 1176 η
1204 1111 1275 1176 pro-

142 1181 323 1248 nuntiasse.
368 1180 521 1261 Quibus
550 1183 681 1263 igitur
708 1183 750 1250 de
779 1183 916 1252 eausis
938 1185 1056 1252 Aeolus
1085 1206 1212 1271 quoque
1242 1195 1276 1255 et

142 1279 320 1346 Dorienses
342 1280 376 1345 16
399 1280 509 1347 formis
531 1280 598 1348 11116
620 1283 642 1344 ἃ
662 1281 697 1347 16
719 1307 738 1367 η
762 1282 991 1350 mutaverunt?

227 1378 277 1443 Ao
288 1377 426 1461 primum
438 1378 580 1443 omnium
592 1379 746 1466 veoalisp
762 1381 797 1447 16
807 1379 1019 1467 πεντήκοντα
1030 1380 1109 1446 mihi
1120 1400 1161 1448 ex
1174 1384 1276 1450 sorta

142 1493 214 1542 esse
229 1474 358 1541 videtur
372 1475 471 1558 idque
485 1482 616 1559 propter
630 1476 762 1544 brevem
777 1479 922 1544 vooalem
938 1504 954 1544 ε
970 1479 1004 1543 16
1019 1483 1132 1560 πέντε,
1146 1483 1274 1563 πέμπε,

141 1591 224 1656 quae
254 1574 298 1639 ad
326 1573 431 1656 prisea
453 1579 600 1656 tempora
621 1574 734 1641 redeat
763 1575 891 1662 (61.161.
915 1577 1065 1660 quinque,
1090 1576 1177 1659 bulg.
1196 1587 1272 1666 ppu,

136 1672 185 1737 lit.
205 1669 331 1754 66611),
356 1670 658 1750 61161166,166166ι
681 1681 739 1738 661.
783 1673 900 1738 Latina
922 1673 1050 1755 lingua,
1077 1679 1112 1737 ut
1134 1675 1272 1758 saepius,

141 1769 186 1835 ita
223 1768 277 1834 hio
315 1787 440 1850 quoque
477 1787 498 1833 a
534 1768 640 1836 studio
673 1768 731 1835 illo
764 1769 923 1836 vooalium
960 1769 1194 1836 concinnitatis·
1215 1772 1272 1836 ab·

141 1867 259 1932 horret.
295 1865 350 1954 pt:

271 1967 374 2029 πέντε
391 1986 399 2027 :
414 1961 625 2050 πεντήκοντα
648 1981 689 2028 QX
710 1950 947 2028 *πεντάκθνϊα
969 1991 1012 2014 =
1033 1963 1089 2028 lab·
1113 1965 1272 2050 quinquess

315 2062 540 2146 quiuqueprbta
956 2065 958 2072 '
1016 2069 1018 2078 '
1184 2101 1188 2108 ·

270 2157 417 2245 *φέρετι
439 2181 446 2224 :
468 2158 620 2245 *φέρητι
642 2177 683 2225 ex
704 2158 854 2245 *φέρᾶτι
876 2190 919 2212 =
940 2159 995 2224 lat.
1018 2156 1165 2242 *lepetir
1188 2159 1272 2244 16961

270 2253 433 2342 ἐγενόμην
450 2280 456 2320 :
473 2279 611 2342 -γνητος
623 2276 664 2323 ex
674 2255 837 2343 *patroc
850 2287 894 2311 =
908 2257 965 2324 lat.
979 2257 1117 2340 92'9(e)ao
1131 2267 1271 2340 :paetus

227 2369 407 2436 Conieoerit
440 2371 598 2456 quispiam
628 2372 670 2436 ab
699 2392 763 2436 uno
790 2370 1001 2458 πεντήκοντα
1031 2395 1050 2456 η
1080 2371 1114 2436 16
1145 2372 1271 2455 reliqua

139 2468 236 2534 huius
258 2468 387 2550 generis
407 2470 587 2535 numeralia
607 2470 785 2553 irrepsisse.
829 2467 982 2535 Η661661
1004 2469 1145 2552 potuisse
1160 2490 1271 2552 quam-

139 2585 236 2650 quam
260 2564 412 2647 6666616,
435 2602 478 2613 -
500 2575 610 2632 notum
633 2574 681 2633 661
704 2566 799 2648 enim,
821 2573 975 2650 quantam
994 2566 1028 2631 in
1050 2566 1271 2632 numeralibus

138 2663 283 2730 maxime
304 2663 371 2728 vim
386 2683 452 2728 666
466 2663 509 2730 61
523 2666 659 2731 alteram
681 2666 784 2729 forma
799 2683 948 2731 exeruere
970 2663 1081 2748 possit,
1103 2663 1193 2728 velut
1209 2664 1270 2729 sub

133 2760 242 2828 ⁴oeulis
264 2761 381 2827 nostris
403 2761 436 2826 in
459 2768 568 2829 nostro
590 2781 737 2828 sermone
757 2761 854 2827 sonus
870 2768 888 2823 1
904 2758 1047 2843 66611]
1059 2758 1102 2825 61
1117 2758 1271 2843 6111666-

139 2857 203 2924 sire
232 2858 340 2941 eoepit
373 2895 415 2905 —
442 2866 551 2926 tamen
581 2860 643 2925 hae
671 2860 762 2924 inre
784 2857 850 2924 alia
878 2878 990 2941 eaque,
1008 2857 1116 2940 gravis
1144 2858 1269 2924 6666111

139 2975 249 3022 eausa.

235 3053 360 3119 Mature
387 3054 473 3120 enim
501 3052 648 3122 dialectis
669 3053 748 3137 ipsis
773 3060 842 3119 tota
863 3052 999 3120 (1666616
1020 3051 1208 3120 florentibus
1233 3060 1270 3120 61

138 3150 370 3217 Atticorum
399 3170 569 3218 mensurae
598 3158 629 3217 61
657 3151 802 3236 pondera
830 3151 876 3217 ita
903 3150 1116 3217 numeralium
1142 3171 1269 3236 quoque

138 3248 298 3315 6111666
325 3249 340 3313 1
345 3268 478 3338 ermae
500 3249 543 3314 ad
565 3250 705 3331 reliquas
728 3248 875 3328 ciuitates
897 3249 1073 3315 translatae
1095 3256 1178 3314 sunt.
1216 3250 1269 3316 In·

138 3347 248 3430 signia
262 3346 357 3412 huius
371 3348 419 3412 661
435 3348 587 3430 exempla
601 3347 759 3430 praebent
773 3345 904 3413 tabulae
918 3345 1161 3428 Heracleenses,
1185 3366 1268 3428 quae

137 3444 203 3509 iam
226 3439 282 3509 IV.
306 3463 388 3510 6666.
407 3445 501 3510 'exitu
524 3450 676 3512 exaratae
698 3448 772 3509 sunt
795 3443 846 3516 (61.
861 3441 991 3509 Meister
1013 3441 1096 3508 stud.
1118 3442 1267 3521 111448).

137 3542 377 3630 Velutlegitur
391 3542 426 3608 in
440 3541 507 3608 illis
527 3548 576 3610 ter
590 3542 725 3624 vulgata
746 3539 848 3605 forma
868 3551 971 3625 τρεῖς,
995 3559 1065 3605 oum
1081 3558 1159 3605 vera
1174 3541 1267 3606 Dori·

138 3639 190 3706 dis
204 3637 309 3704 forma
322 3651 396 3725 τρῖς
411 3642 513 3706 multo
530 3640 660 3723 saepius
675 3639 708 3704 in
723 3637 763 3704 iis
777 3637 964 3720 reperiatur,
987 3633 1267 3728 666161τέσ6αρες

138 3757 197 3820 pro
221 3736 329 3803 dorioo
351 3735 487 3821 τέτορες
509 3738 598 3812 (1116.
621 3735 654 3801 II
676 3738 765 3817 279),
788 3733 1041 3820 τεσσαράκοντα
1062 3754 1120 3817 pro
1142 3732 1266 3820 τετρώ-

209 3951 231 4018 1)
258 3950 313 4006 Suo
330 3949 413 4020 igitur
429 3949 488 4006 iure
505 3949 656 4005 Ahrensius
674 3949 761 4004 Alam.
779 3953 810 4003 91
837 3919 947 4017 scripsit
967 3963 1017 4016 pro
1037 3943 1163 4017 Ἀρκαδες
1179 3945 1265 4001 ,ἕσσαν

139 4028 337 4100 βαλανηφάγοι
355 4031 438 4116 (quod
455 4030 566 4088 retinuit
582 4031 694 4100 Bergklz
719 4029 917 4100 βαλανᾶφάγοι
936 4028 970 4084 61.
988 4028 1015 4082 Il
1034 4031 1093 4083 539.
