<?xml version="1.0" encoding="UTF-8"?>
<!DOCTYPE html PUBLIC "-//W3C//DTD XHTML 1.0 Transitional//EN"
    "http://www.w3.org/TR/xhtml1/DTD/xhtml1-transitional.dtd">
<html xmlns="http://www.w3.org/1999/xhtml" xml:lang="en" lang="en">
 <head>
  <title>
</title>
<meta http-equiv="Content-Type" content="text/html;charset=utf-8" />
  <meta name='ocr-system' content='tesseract 3.04.00' />
  <meta name='ocr-capabilities' content='ocr_page ocr_carea ocr_par ocr_line ocrx_word'/>
</head>
<body>
  <div class='ocr_page' id='page_1' title='image "./studienzurgriec01vanigoog_0089.png"; bbox 0 0 2916 4872; ppageno 0'>
   <div class='ocr_carea' id='block_1_1' title="bbox 374 429 1226 502">
    <p class='ocr_par' dir='ltr' id='par_1_1' title="bbox 374 429 1226 502">
     <span class='ocr_line' id='line_1_1' title="bbox 374 429 1226 502; baseline -0.008 -12"><span class='ocrx_word' id='word_1_1' title='bbox 374 468 376 473; x_wconf 90' lang='lat'><em>-</em></span> <span class='ocrx_word' id='word_1_2' title='bbox 491 432 612 489; x_wconf 84' lang='lat' dir='ltr'><strong>Sohedae</strong></span> <span class='ocrx_word' id='word_1_3' title='bbox 629 433 828 502; x_wconf 74' lang='lat' dir='ltr'><strong>grammaticae.</strong></span> <span class='ocrx_word' id='word_1_4' title='bbox 1186 429 1226 490; x_wconf 94' lang='grc'><strong>77</strong></span> 
     </span>
    </p>
   </div>
   <div class='ocr_carea' id='block_1_2' title="bbox 107 601 1229 2352">
    <p class='ocr_par' dir='ltr' id='par_1_2' title="bbox 109 601 1229 1666">
     <span class='ocr_line' id='line_1_2' title="bbox 113 601 1227 689; baseline -0.004 -16"><span class='ocrx_word' id='word_1_5' title='bbox 113 607 293 674; x_wconf 82' lang='lat' dir='ltr'><strong>rattenuati</strong></span> <span class='ocrx_word' id='word_1_6' title='bbox 323 606 474 689; x_wconf 83' lang='lat' dir='ltr'><strong>exempla</strong></span> <span class='ocrx_word' id='word_1_7' title='bbox 496 611 571 671; x_wconf 91' lang='lat' dir='ltr'><strong>sunt</strong></span> <span class='ocrx_word' id='word_1_8' title='bbox 598 605 694 672; x_wconf 84' lang='lat' dir='ltr'><strong>haee:</strong></span> <span class='ocrx_word' id='word_1_9' title='bbox 732 603 848 671; x_wconf 78' lang='grc' dir='ltr'><strong><em>καὸία·</em></strong></span> <span class='ocrx_word' id='word_1_10' title='bbox 878 605 1079 687; x_wconf 66' lang='grc' dir='ltr'><strong><em>Σαλαμίνιοι</em></strong></span> <span class='ocrx_word' id='word_1_11' title='bbox 1107 601 1227 689; x_wconf 75' lang='grc' dir='ltr'><strong><em>ὑδρίας</em></strong></span> 
     </span>
     <span class='ocr_line' id='line_1_3' title="bbox 112 697 1227 796; baseline -0.001 -25"><span class='ocrx_word' id='word_1_12' title='bbox 112 725 163 789; x_wconf 85' lang='lat' dir='ltr'><strong>pro</strong></span> <span class='ocrx_word' id='word_1_13' title='bbox 184 701 285 770; x_wconf 78' lang='grc' dir='ltr'><strong><em>κάδια</em></strong></span> <span class='ocrx_word' id='word_1_14' title='bbox 307 704 327 769; x_wconf 90' lang='lat' dir='ltr'><strong>i.</strong></span> <span class='ocrx_word' id='word_1_15' title='bbox 351 722 379 770; x_wconf 90' lang='lat' dir='ltr'><strong>e.</strong></span> <span class='ocrx_word' id='word_1_16' title='bbox 393 700 524 783; x_wconf 62' lang='lat' dir='ltr'><strong>tuideo,</strong></span> <span class='ocrx_word' id='word_1_17' title='bbox 551 700 673 790; x_wconf 72' lang='grc' dir='ltr'><strong><em>γήθια·</em></strong></span> <span class='ocrx_word' id='word_1_18' title='bbox 703 700 773 789; x_wconf 77' lang='grc' dir='ltr'><strong>ἤθη</strong></span> <span class='ocrx_word' id='word_1_19' title='bbox 797 722 855 787; x_wconf 88' lang='lat' dir='ltr'><strong>pro</strong></span> <span class='ocrx_word' id='word_1_20' title='bbox 877 697 1016 796; x_wconf 56' lang='lat' dir='ltr'><strong>fetidae</strong></span> <span class='ocrx_word' id='word_1_21' title='bbox 1037 703 1227 781; x_wconf 84' lang='lat' dir='ltr'><strong>(Abrensius</strong></span> 
     </span>
     <span class='ocr_line' id='line_1_4' title="bbox 113 798 1227 887; baseline 0 -20"><span class='ocrx_word' id='word_1_22' title='bbox 113 801 151 885; x_wconf 88' lang='lat' dir='ltr'><strong>ll,</strong></span> <span class='ocrx_word' id='word_1_23' title='bbox 173 805 211 866; x_wconf 83' lang='lat'><strong>54</strong></span> <span class='ocrx_word' id='word_1_24' title='bbox 232 800 373 884; x_wconf 82' lang='lat' dir='ltr'><strong>glossam</strong></span> <span class='ocrx_word' id='word_1_25' title='bbox 394 801 429 866; x_wconf 95' lang='lat' dir='ltr'><strong>in</strong></span> <span class='ocrx_word' id='word_1_26' title='bbox 450 798 564 887; x_wconf 80' lang='grc' dir='ltr'><strong><em>γήθσα</em></strong></span> <span class='ocrx_word' id='word_1_27' title='bbox 586 801 656 868; x_wconf 92' lang='lat' dir='ltr'><strong>sine</strong></span> <span class='ocrx_word' id='word_1_28' title='bbox 677 801 763 868; x_wconf 90' lang='lat' dir='ltr'><strong>iusta</strong></span> <span class='ocrx_word' id='word_1_29' title='bbox 783 819 883 867; x_wconf 89' lang='lat' dir='ltr'><strong>eausa</strong></span> <span class='ocrx_word' id='word_1_30' title='bbox 899 799 1227 867; x_wconf 66' lang='lat' dir='ltr'><strong>mutavitdobmidtio</strong></span> 
     </span>
     <span class='ocr_line' id='line_1_5' title="bbox 111 895 1227 985; baseline -0.004 -20"><span class='ocrx_word' id='word_1_31' title='bbox 111 899 360 983; x_wconf 76' lang='lat' dir='ltr'><strong>comprobante),</strong></span> <span class='ocrx_word' id='word_1_32' title='bbox 388 917 449 966; x_wconf 89' lang='lat' dir='ltr'><strong>nee</strong></span> <span class='ocrx_word' id='word_1_33' title='bbox 469 898 575 964; x_wconf 91' lang='lat' dir='ltr'><strong>minus</strong></span> <span class='ocrx_word' id='word_1_34' title='bbox 596 898 738 981; x_wconf 79' lang='lat' dir='ltr'>glossam</span> <span class='ocrx_word' id='word_1_35' title='bbox 759 898 841 966; x_wconf 84' lang='lat' dir='ltr'><strong>falso</strong></span> <span class='ocrx_word' id='word_1_36' title='bbox 864 904 1045 984; x_wconf 75' lang='lat' dir='ltr'><strong>suspectam</strong></span> <span class='ocrx_word' id='word_1_37' title='bbox 1068 895 1227 985; x_wconf 78' lang='grc' dir='ltr'><strong><em>ἑαιχήσια</em></strong></span> 
     </span>
     <span class='ocr_line' id='line_1_6' title="bbox 112 993 1227 1084; baseline -0.002 -22"><span class='ocrx_word' id='word_1_38' title='bbox 112 995 185 1069; x_wconf 84' lang='lat' dir='ltr'><strong>(eod.</strong></span> <span class='ocrx_word' id='word_1_39' title='bbox 213 994 384 1083; x_wconf 73' lang='grc' dir='ltr'><strong><em>ἐπιχητία)</em></strong></span> <span class='ocrx_word' id='word_1_40' title='bbox 418 994 518 1083; x_wconf 74' lang='grc' dir='ltr'><strong><em>ἐνδεῆ</em></strong></span> <span class='ocrx_word' id='word_1_41' title='bbox 551 1015 609 1080; x_wconf 68' lang='lat' dir='ltr'><strong>nro</strong></span> <span class='ocrx_word' id='word_1_42' title='bbox 638 994 801 1084; x_wconf 75' lang='grc' dir='ltr'><strong><em>ἐπιχήτεα</em></strong></span> <span class='ocrx_word' id='word_1_43' title='bbox 830 993 1007 1084; x_wconf 56' lang='lat' dir='ltr'><strong>(incretos</strong></span> <span class='ocrx_word' id='word_1_44' title='bbox 1029 1021 1037 1061; x_wconf 87' lang='lat'><strong>:</strong></span> <span class='ocrx_word' id='word_1_45' title='bbox 1056 1001 1160 1081; x_wconf 82' lang='grc' dir='ltr'><strong><em>χῆσος</em></strong></span> <span class='ocrx_word' id='word_1_46' title='bbox 1184 1025 1227 1048; x_wconf 85' lang='lat'><em>=</em></span> 
     </span>
     <span class='ocr_line' id='line_1_7' title="bbox 110 1092 1228 1181; baseline 0 -23"><span class='ocrx_word' id='word_1_47' title='bbox 110 1092 234 1181; x_wconf 73' lang='grc' dir='ltr'><strong><em>ψευδής</em></strong></span> <span class='ocrx_word' id='word_1_48' title='bbox 250 1117 257 1159; x_wconf 87' lang='lat'>:</span> <span class='ocrx_word' id='word_1_49' title='bbox 273 1092 416 1178; x_wconf 78' lang='grc' dir='ltr'><strong>ψεῦδος)</strong></span> <span class='ocrx_word' id='word_1_50' title='bbox 439 1113 511 1161; x_wconf 89' lang='lat' dir='ltr'><strong>esse</strong></span> <span class='ocrx_word' id='word_1_51' title='bbox 532 1092 677 1160; x_wconf 80' lang='lat' dir='ltr'><strong>arbitror.</strong></span> <span class='ocrx_word' id='word_1_52' title='bbox 721 1093 888 1160; x_wconf 85' lang='lat' dir='ltr'><strong>Aooedunt</strong></span> <span class='ocrx_word' id='word_1_53' title='bbox 909 1093 977 1159; x_wconf 91' lang='lat' dir='ltr'><strong>alia</strong></span> <span class='ocrx_word' id='word_1_54' title='bbox 998 1093 1163 1176; x_wconf 84' lang='lat' dir='ltr'><strong>exempla,</strong></span> <span class='ocrx_word' id='word_1_55' title='bbox 1193 1100 1228 1159; x_wconf 92' lang='lat' dir='ltr'><strong>ut</strong></span> 
     </span>
     <span class='ocr_line' id='line_1_8' title="bbox 111 1188 1229 1277; baseline 0 -20"><span class='ocrx_word' id='word_1_56' title='bbox 111 1191 250 1258; x_wconf 88' lang='lat' dir='ltr'><strong>oretioum</strong></span> <span class='ocrx_word' id='word_1_57' title='bbox 273 1188 421 1275; x_wconf 79' lang='grc' dir='ltr'><strong><em>ψούδια·</em></strong></span> <span class='ocrx_word' id='word_1_58' title='bbox 451 1189 566 1277; x_wconf 77' lang='grc' dir='ltr'><em>ψευδῆ</em></span> <span class='ocrx_word' id='word_1_59' title='bbox 593 1190 683 1270; x_wconf 78' lang='lat' dir='ltr'><strong>(Aba</strong></span> <span class='ocrx_word' id='word_1_60' title='bbox 705 1191 748 1272; x_wconf 93' lang='lat' dir='ltr'><strong>Il,</strong></span> <span class='ocrx_word' id='word_1_61' title='bbox 774 1195 845 1270; x_wconf 89' lang='grc'>187)</span> <span class='ocrx_word' id='word_1_62' title='bbox 873 1191 909 1257; x_wconf 91' lang='lat' dir='ltr'><strong>in</strong></span> <span class='ocrx_word' id='word_1_63' title='bbox 937 1191 1047 1276; x_wconf 81' lang='lat' dir='ltr'><strong>glossa</strong></span> <span class='ocrx_word' id='word_1_64' title='bbox 1068 1191 1229 1257; x_wconf 85' lang='lat' dir='ltr'><strong>Photiana</strong></span> 
     </span>
     <span class='ocr_line' id='line_1_9' title="bbox 110 1277 1227 1376; baseline -0.003 -20"><span class='ocrx_word' id='word_1_65' title='bbox 110 1296 138 1356; x_wconf 90' lang='lat' dir='ltr'><strong>et</strong></span> <span class='ocrx_word' id='word_1_66' title='bbox 162 1289 341 1356; x_wconf 91' lang='lat' dir='ltr'><strong>boeotioum</strong></span> <span class='ocrx_word' id='word_1_67' title='bbox 368 1294 464 1355; x_wconf 72' lang='grc' dir='ltr'><strong><em>νέοια</em></strong></span> <span class='ocrx_word' id='word_1_68' title='bbox 493 1307 554 1373; x_wconf 83' lang='lat' dir='ltr'><strong>pro</strong></span> <span class='ocrx_word' id='word_1_69' title='bbox 574 1286 632 1376; x_wconf 73' lang='grc' dir='ltr'><strong>ἕνη</strong></span> <span class='ocrx_word' id='word_1_70' title='bbox 663 1288 761 1366; x_wconf 80' lang='lat' dir='ltr'><strong>(Curt</strong></span> <span class='ocrx_word' id='word_1_71' title='bbox 783 1290 908 1375; x_wconf 81' lang='lat' dir='ltr'><strong>Etym.⁴</strong></span> <span class='ocrx_word' id='word_1_72' title='bbox 930 1311 962 1375; x_wconf 88' lang='lat' dir='ltr'><strong>p.</strong></span> <span class='ocrx_word' id='word_1_73' title='bbox 986 1291 1071 1367; x_wconf 78' lang='grc'>509).</span> <span class='ocrx_word' id='word_1_74' title='bbox 1114 1277 1227 1356; x_wconf 82' lang='lat' dir='ltr'><strong>Suffixi</strong></span> 
     </span>
     <span class='ocr_line' id='line_1_10' title="bbox 109 1385 1227 1471; baseline 0.002 -21"><span class='ocrx_word' id='word_1_75' title='bbox 109 1408 223 1452; x_wconf 86' lang='grc' dir='ltr'><strong><em>-σεσ-</em></strong></span> <span class='ocrx_word' id='word_1_76' title='bbox 244 1405 351 1471; x_wconf 90' lang='lat' dir='ltr'><strong>pauoa</strong></span> <span class='ocrx_word' id='word_1_77' title='bbox 365 1385 494 1469; x_wconf 88' lang='lat' dir='ltr'><strong>quidem</strong></span> <span class='ocrx_word' id='word_1_78' title='bbox 516 1385 574 1454; x_wconf 93' lang='lat' dir='ltr'><strong>sed</strong></span> <span class='ocrx_word' id='word_1_79' title='bbox 597 1392 684 1453; x_wconf 87' lang='lat' dir='ltr'><strong>oerta</strong></span> <span class='ocrx_word' id='word_1_80' title='bbox 699 1387 850 1470; x_wconf 81' lang='lat' dir='ltr'><strong>exempla</strong></span> <span class='ocrx_word' id='word_1_81' title='bbox 865 1392 1008 1471; x_wconf 83' lang='lat' dir='ltr'><strong>exstant3</strong></span> <span class='ocrx_word' id='word_1_82' title='bbox 1031 1394 1106 1453; x_wconf 93' lang='lat' dir='ltr'><strong>sunt</strong></span> <span class='ocrx_word' id='word_1_83' title='bbox 1120 1392 1227 1454; x_wconf 88' lang='lat' dir='ltr'><strong>autem</strong></span> 
     </span>
     <span class='ocr_line' id='line_1_11' title="bbox 109 1481 1227 1571; baseline 0.002 -21"><span class='ocrx_word' id='word_1_84' title='bbox 109 1484 196 1550; x_wconf 84' lang='lat' dir='ltr'><strong>haee:</strong></span> <span class='ocrx_word' id='word_1_85' title='bbox 218 1491 348 1568; x_wconf 86' lang='grc' dir='ltr'><strong><em>κῆ-σος,</em></strong></span> <span class='ocrx_word' id='word_1_86' title='bbox 364 1481 491 1562; x_wconf 83' lang='grc' dir='ltr'><strong><em>κύ-σος,</em></strong></span> <span class='ocrx_word' id='word_1_87' title='bbox 508 1481 657 1563; x_wconf 84' lang='grc' dir='ltr'><strong><em>σκό·νος,</em></strong></span> <span class='ocrx_word' id='word_1_88' title='bbox 670 1490 819 1564; x_wconf 81' lang='grc' dir='ltr'><strong><em>σκῦ-τος,</em></strong></span> <span class='ocrx_word' id='word_1_89' title='bbox 833 1486 962 1571; x_wconf 79' lang='grc' dir='ltr'><strong><em>χῆ-σος,</em></strong></span> <span class='ocrx_word' id='word_1_90' title='bbox 977 1485 1092 1568; x_wconf 86' lang='lat' dir='ltr'><strong>quibus</strong></span> <span class='ocrx_word' id='word_1_91' title='bbox 1106 1485 1227 1552; x_wconf 84' lang='lat' dir='ltr'><strong>formae</strong></span> 
     </span>
     <span class='ocr_line' id='line_1_12' title="bbox 109 1578 893 1666; baseline 0 -18"><span class='ocrx_word' id='word_1_92' title='bbox 109 1586 238 1666; x_wconf 79' lang='grc' dir='ltr'><strong><em>βρέ-νας</em></strong></span> <span class='ocrx_word' id='word_1_93' title='bbox 261 1586 295 1648; x_wconf 91' lang='lat' dir='ltr'><strong>et</strong></span> <span class='ocrx_word' id='word_1_94' title='bbox 317 1578 436 1659; x_wconf 80' lang='grc' dir='ltr'><strong><em>ἄλ-σος</em></strong></span> <span class='ocrx_word' id='word_1_95' title='bbox 460 1589 618 1664; x_wconf 80' lang='lat' dir='ltr'><strong>cognatae</strong></span> <span class='ocrx_word' id='word_1_96' title='bbox 639 1581 790 1650; x_wconf 83' lang='lat' dir='ltr'><strong>videntur</strong></span> <span class='ocrx_word' id='word_1_97' title='bbox 811 1601 893 1649; x_wconf 84' lang='lat' dir='ltr'><strong>esse.</strong></span> 
     </span>
    </p>

    <p class='ocr_par' dir='ltr' id='par_1_3' title="bbox 107 1679 1227 2352">
     <span class='ocr_line' id='line_1_13' title="bbox 184 1679 1226 1766; baseline -0.002 -20"><span class='ocrx_word' id='word_1_98' title='bbox 184 1679 316 1746; x_wconf 79' lang='lat' dir='ltr'><strong>Graecis</strong></span> <span class='ocrx_word' id='word_1_99' title='bbox 332 1699 401 1744; x_wconf 93' lang='lat' dir='ltr'><strong>oum</strong></span> <span class='ocrx_word' id='word_1_100' title='bbox 418 1679 527 1746; x_wconf 85' lang='lat' dir='ltr'><strong>formis</strong></span> <span class='ocrx_word' id='word_1_101' title='bbox 542 1679 691 1746; x_wconf 85' lang='lat' dir='ltr'><strong>zendioas</strong></span> <span class='ocrx_word' id='word_1_102' title='bbox 705 1679 857 1765; x_wconf 59' lang='lat' dir='ltr'><strong>botuile,</strong></span> <span class='ocrx_word' id='word_1_103' title='bbox 880 1680 1020 1762; x_wconf 83' lang='lat' dir='ltr'><strong>vexatio,</strong></span> <span class='ocrx_word' id='word_1_104' title='bbox 1038 1680 1226 1766; x_wconf 71' lang='lat' dir='ltr'><strong>poro-totl-</strong></span> 
     </span>
     <span class='ocr_line' id='line_1_14' title="bbox 108 1776 1225 1861; baseline 0.003 -21"><span class='ocrx_word' id='word_1_105' title='bbox 108 1776 309 1861; x_wconf 87' lang='lat' dir='ltr'><strong>impugnatio,</strong></span> <span class='ocrx_word' id='word_1_106' title='bbox 326 1776 543 1861; x_wconf 54' lang='lat' dir='ltr'><strong>neoda-torm,</strong></span> <span class='ocrx_word' id='word_1_107' title='bbox 560 1777 802 1860; x_wconf 79' lang='lat' dir='ltr'><strong>obtemperatio,</strong></span> <span class='ocrx_word' id='word_1_108' title='bbox 818 1795 994 1860; x_wconf 80' lang='lat' dir='ltr'><strong>compares.</strong></span> <span class='ocrx_word' id='word_1_109' title='bbox 1019 1778 1141 1844; x_wconf 85' lang='lat' dir='ltr'><strong>Notatu</strong></span> <span class='ocrx_word' id='word_1_110' title='bbox 1156 1777 1225 1860; x_wconf 78' lang='lat' dir='ltr'><strong>dig·</strong></span> 
     </span>
     <span class='ocr_line' id='line_1_15' title="bbox 108 1873 1225 1958; baseline 0.004 -20"><span class='ocrx_word' id='word_1_111' title='bbox 108 1895 175 1939; x_wconf 94' lang='lat' dir='ltr'><strong>num</strong></span> <span class='ocrx_word' id='word_1_112' title='bbox 195 1874 325 1942; x_wconf 84' lang='lat' dir='ltr'><strong>videtur</strong></span> <span class='ocrx_word' id='word_1_113' title='bbox 345 1873 493 1941; x_wconf 82' lang='lat' dir='ltr'><strong>suffixum</strong></span> <span class='ocrx_word' id='word_1_114' title='bbox 508 1896 573 1938; x_wconf 81' lang='lat' dir='ltr'><strong>-os·</strong></span> <span class='ocrx_word' id='word_1_115' title='bbox 588 1874 845 1958; x_wconf 87' lang='lat' dir='ltr'><strong>antiquissimum</strong></span> <span class='ocrx_word' id='word_1_116' title='bbox 866 1874 1027 1942; x_wconf 91' lang='lat' dir='ltr'><strong>interdum</strong></span> <span class='ocrx_word' id='word_1_117' title='bbox 1042 1875 1107 1940; x_wconf 90' lang='lat' dir='ltr'><strong>alio</strong></span> <span class='ocrx_word' id='word_1_118' title='bbox 1129 1877 1225 1942; x_wconf 93' lang='lat' dir='ltr'><strong>modo</strong></span> 
     </span>
     <span class='ocr_line' id='line_1_16' title="bbox 108 1971 1227 2058; baseline 0.003 -20"><span class='ocrx_word' id='word_1_119' title='bbox 108 1990 171 2038; x_wconf 89' lang='lat' dir='ltr'><strong>esse</strong></span> <span class='ocrx_word' id='word_1_120' title='bbox 186 1971 425 2057; x_wconf 75' lang='lat' dir='ltr'><strong>amplificatum.</strong></span> <span class='ocrx_word' id='word_1_121' title='bbox 454 1971 506 2038; x_wconf 85' lang='lat' dir='ltr'><strong>Ita</strong></span> <span class='ocrx_word' id='word_1_122' title='bbox 524 1972 624 2038; x_wconf 89' lang='lat' dir='ltr'><strong>verba</strong></span> <span class='ocrx_word' id='word_1_123' title='bbox 639 1971 752 2039; x_wconf 86' lang='lat' dir='ltr'><strong>suffixo</strong></span> <span class='ocrx_word' id='word_1_124' title='bbox 768 1995 862 2038; x_wconf 80' lang='lat' dir='ltr'><strong>-oso-</strong></span> <span class='ocrx_word' id='word_1_125' title='bbox 877 1972 1014 2038; x_wconf 80' lang='lat' dir='ltr'><strong>formata</strong></span> <span class='ocrx_word' id='word_1_126' title='bbox 1035 1993 1099 2039; x_wconf 91' lang='lat' dir='ltr'><strong>non</strong></span> <span class='ocrx_word' id='word_1_127' title='bbox 1121 1993 1227 2058; x_wconf 84' lang='lat' dir='ltr'><strong>pauoa</strong></span> 
     </span>
     <span class='ocr_line' id='line_1_17' title="bbox 107 2069 1226 2155; baseline 0.004 -22"><span class='ocrx_word' id='word_1_128' title='bbox 107 2069 319 2152; x_wconf 88' lang='lat' dir='ltr'><strong>inveniuntur,</strong></span> <span class='ocrx_word' id='word_1_129' title='bbox 353 2069 394 2134; x_wconf 92' lang='lat' dir='ltr'><strong>de</strong></span> <span class='ocrx_word' id='word_1_130' title='bbox 423 2069 537 2151; x_wconf 93' lang='lat' dir='ltr'><strong>quibus</strong></span> <span class='ocrx_word' id='word_1_131' title='bbox 565 2070 599 2135; x_wconf 95' lang='lat' dir='ltr'><strong>in</strong></span> <span class='ocrx_word' id='word_1_132' title='bbox 627 2070 838 2137; x_wconf 83' lang='lat' dir='ltr'><strong>adnotatione</strong></span> <span class='ocrx_word' id='word_1_133' title='bbox 866 2071 1082 2155; x_wconf 83' lang='lat' dir='ltr'><strong>exposuimus.</strong></span> <span class='ocrx_word' id='word_1_134' title='bbox 1090 2073 1113 2147; x_wconf 74' lang='grc'><strong>4)</strong></span> <span class='ocrx_word' id='word_1_135' title='bbox 1157 2072 1226 2140; x_wconf 86' lang='lat' dir='ltr'><strong>Neo</strong></span> 
     </span>
     <span class='ocr_line' id='line_1_18' title="bbox 107 2164 1226 2252; baseline 0.004 -21"><span class='ocrx_word' id='word_1_136' title='bbox 107 2169 202 2235; x_wconf 90' lang='lat' dir='ltr'><strong>ninus</strong></span> <span class='ocrx_word' id='word_1_137' title='bbox 215 2166 366 2234; x_wconf 86' lang='lat' dir='ltr'><strong>suffixum</strong></span> <span class='ocrx_word' id='word_1_138' title='bbox 382 2170 484 2231; x_wconf 78' lang='grc' dir='ltr'><strong><em>-θοσ-</em></strong></span> <span class='ocrx_word' id='word_1_139' title='bbox 498 2166 533 2232; x_wconf 94' lang='lat' dir='ltr'><strong>in</strong></span> <span class='ocrx_word' id='word_1_140' title='bbox 554 2171 747 2251; x_wconf 75' lang='grc' dir='ltr'><strong><em>μέγ-ε-θος,</em></strong></span> <span class='ocrx_word' id='word_1_141' title='bbox 772 2169 907 2235; x_wconf 81' lang='lat' dir='ltr'><strong>fortasse</strong></span> <span class='ocrx_word' id='word_1_142' title='bbox 921 2169 1019 2235; x_wconf 89' lang='lat' dir='ltr'><strong>etiam</strong></span> <span class='ocrx_word' id='word_1_143' title='bbox 1035 2169 1070 2234; x_wconf 93' lang='lat' dir='ltr'><strong>in</strong></span> <span class='ocrx_word' id='word_1_144' title='bbox 1088 2164 1226 2252; x_wconf 71' lang='grc' dir='ltr'><strong><em>ὂὶχ-θος,</em></strong></span> 
     </span>
     <span class='ocr_line' id='line_1_19' title="bbox 107 2263 573 2352; baseline 0 -23"><span class='ocrx_word' id='word_1_145' title='bbox 107 2265 253 2352; x_wconf 62' lang='lat' dir='ltr'><strong>oiri-dog</strong></span> <span class='ocrx_word' id='word_1_146' title='bbox 274 2263 338 2332; x_wconf 89' lang='lat' dir='ltr'><strong>erit</strong></span> <span class='ocrx_word' id='word_1_147' title='bbox 359 2264 573 2330; x_wconf 86' lang='lat' dir='ltr'><strong>statuendum.</strong></span> 
     </span>
    </p>
   </div>
   <div class='ocr_carea' id='block_1_3' title="bbox 183 2356 1324 2448">
    <p class='ocr_par' dir='ltr' id='par_1_4' title="bbox 183 2356 1324 2448">
     <span class='ocr_line' id='line_1_20' title="bbox 183 2356 1324 2448; baseline 0.004 -20"><span class='ocrx_word' id='word_1_148' title='bbox 183 2360 410 2443; x_wconf 79' lang='lat' dir='ltr'><strong>Quaerendum</strong></span> <span class='ocrx_word' id='word_1_149' title='bbox 433 2362 609 2445; x_wconf 83' lang='lat' dir='ltr'><strong>igiturest,</strong></span> <span class='ocrx_word' id='word_1_150' title='bbox 632 2370 737 2428; x_wconf 90' lang='lat' dir='ltr'><strong>utrum</strong></span> <span class='ocrx_word' id='word_1_151' title='bbox 760 2360 884 2440; x_wconf 70' lang='grc' dir='ltr'><strong><em>ἕσ-θος</em></strong></span> <span class='ocrx_word' id='word_1_152' title='bbox 906 2363 967 2428; x_wconf 92' lang='lat' dir='ltr'><strong>hoo</strong></span> <span class='ocrx_word' id='word_1_153' title='bbox 989 2362 1113 2448; x_wconf 80' lang='lat' dir='ltr'><strong>suffixo,</strong></span> <span class='ocrx_word' id='word_1_154' title='bbox 1137 2365 1226 2432; x_wconf 91' lang='lat' dir='ltr'><strong>ouius</strong></span> <span class='ocrx_word' id='word_1_155' title='bbox 1322 2356 1324 2360; x_wconf 68' lang='grc'><strong>’</strong></span> 
     </span>
    </p>
   </div>
   <div class='ocr_carea' id='block_1_4' title="bbox 105 2459 1226 3423">
    <p class='ocr_par' dir='ltr' id='par_1_5' title="bbox 105 2459 1226 3211">
     <span class='ocr_line' id='line_1_21' title="bbox 107 2459 1226 2550; baseline 0.003 -25"><span class='ocrx_word' id='word_1_156' title='bbox 107 2463 259 2550; x_wconf 55' lang='lat' dir='ltr'><strong>&amp;nativa</strong></span> <span class='ocrx_word' id='word_1_157' title='bbox 281 2469 331 2526; x_wconf 90' lang='lat' dir='ltr'><strong>est</strong></span> <span class='ocrx_word' id='word_1_158' title='bbox 352 2459 510 2542; x_wconf 84' lang='lat' dir='ltr'><strong>aspirata,</strong></span> <span class='ocrx_word' id='word_1_159' title='bbox 533 2480 576 2526; x_wconf 89' lang='lat' dir='ltr'><strong>on</strong></span> <span class='ocrx_word' id='word_1_160' title='bbox 598 2460 654 2526; x_wconf 91' lang='lat' dir='ltr'><strong>illo</strong></span> <span class='ocrx_word' id='word_1_161' title='bbox 677 2483 796 2527; x_wconf 83' lang='grc' dir='ltr'><strong><em>-νεσ-</em></strong></span> <span class='ocrx_word' id='word_1_162' title='bbox 817 2461 859 2527; x_wconf 92' lang='lat' dir='ltr'><strong>sit</strong></span> <span class='ocrx_word' id='word_1_163' title='bbox 880 2460 1060 2528; x_wconf 86' lang='lat' dir='ltr'><strong>formatum.</strong></span> <span class='ocrx_word' id='word_1_164' title='bbox 1104 2461 1184 2528; x_wconf 81' lang='lat' dir='ltr'><strong>Cum</strong></span> <span class='ocrx_word' id='word_1_165' title='bbox 1206 2487 1226 2528; x_wconf 84' lang='grc' dir='ltr'><strong><em>ν</em></strong></span> 
     </span>
     <span class='ocr_line' id='line_1_22' title="bbox 107 2557 1226 2643; baseline 0.002 -21"><span class='ocrx_word' id='word_1_166' title='bbox 107 2558 223 2626; x_wconf 85' lang='lat' dir='ltr'><strong>litterae</strong></span> <span class='ocrx_word' id='word_1_167' title='bbox 251 2563 327 2643; x_wconf 88' lang='lat' dir='ltr'><strong>post</strong></span> <span class='ocrx_word' id='word_1_168' title='bbox 354 2557 539 2624; x_wconf 89' lang='lat' dir='ltr'><strong>sibilantem</strong></span> <span class='ocrx_word' id='word_1_169' title='bbox 560 2559 595 2624; x_wconf 93' lang='lat' dir='ltr'><strong>in</strong></span> <span class='ocrx_word' id='word_1_170' title='bbox 615 2561 645 2622; x_wconf 72' lang='grc' dir='ltr'><em>θ</em></span> <span class='ocrx_word' id='word_1_171' title='bbox 666 2565 808 2625; x_wconf 85' lang='lat' dir='ltr'><strong>mutatae</strong></span> <span class='ocrx_word' id='word_1_172' title='bbox 829 2565 949 2624; x_wconf 88' lang='lat' dir='ltr'><strong>oertum</strong></span> <span class='ocrx_word' id='word_1_173' title='bbox 979 2559 1161 2643; x_wconf 85' lang='lat' dir='ltr'><strong>exemplum</strong></span> <span class='ocrx_word' id='word_1_174' title='bbox 1184 2559 1226 2626; x_wconf 90' lang='lat' dir='ltr'><strong>sit</strong></span> 
     </span>
     <span class='ocr_line' id='line_1_23' title="bbox 107 2653 1225 2741; baseline 0.002 -21"><span class='ocrx_word' id='word_1_175' title='bbox 107 2661 232 2738; x_wconf 72' lang='grc' dir='ltr'><strong><em>σθένος,</em></strong></span> <span class='ocrx_word' id='word_1_176' title='bbox 256 2655 345 2740; x_wconf 89' lang='lat' dir='ltr'><strong>qnod</strong></span> <span class='ocrx_word' id='word_1_177' title='bbox 367 2675 407 2721; x_wconf 84' lang='lat' dir='ltr'><strong>ex</strong></span> <span class='ocrx_word' id='word_1_178' title='bbox 429 2653 574 2732; x_wconf 79' lang='grc' dir='ltr'><strong><em>*στανος</em></strong></span> <span class='ocrx_word' id='word_1_179' title='bbox 595 2655 715 2740; x_wconf 86' lang='lat' dir='ltr'><strong>prodiit</strong></span> <span class='ocrx_word' id='word_1_180' title='bbox 736 2655 803 2734; x_wconf 79' lang='lat' dir='ltr'><strong>(oin.</strong></span> <span class='ocrx_word' id='word_1_181' title='bbox 819 2654 945 2722; x_wconf 80' lang='lat' dir='ltr'><strong>Curtius</strong></span> <span class='ocrx_word' id='word_1_182' title='bbox 964 2656 1089 2740; x_wconf 76' lang='lat' dir='ltr'><strong>Etym.⁴</strong></span> <span class='ocrx_word' id='word_1_183' title='bbox 1103 2678 1135 2740; x_wconf 88' lang='lat' dir='ltr'><strong>p.</strong></span> <span class='ocrx_word' id='word_1_184' title='bbox 1151 2659 1225 2741; x_wconf 86' lang='grc'><strong>494,</strong></span> 
     </span>
     <span class='ocr_line' id='line_1_24' title="bbox 105 2752 1224 2838; baseline 0.003 -21"><span class='ocrx_word' id='word_1_185' title='bbox 105 2753 154 2818; x_wconf 93' lang='lat' dir='ltr'><strong>ubi</strong></span> <span class='ocrx_word' id='word_1_186' title='bbox 168 2755 262 2821; x_wconf 85' lang='lat' dir='ltr'><strong>etiam</strong></span> <span class='ocrx_word' id='word_1_187' title='bbox 279 2754 347 2820; x_wconf 86' lang='lat' dir='ltr'><strong>alia</strong></span> <span class='ocrx_word' id='word_1_188' title='bbox 361 2752 529 2836; x_wconf 85' lang='lat' dir='ltr'><strong>voeabula,</strong></span> <span class='ocrx_word' id='word_1_189' title='bbox 552 2773 635 2836; x_wconf 86' lang='lat' dir='ltr'><strong>quae</strong></span> <span class='ocrx_word' id='word_1_190' title='bbox 649 2753 785 2821; x_wconf 89' lang='lat' dir='ltr'><strong>similem</strong></span> <span class='ocrx_word' id='word_1_191' title='bbox 799 2752 1009 2819; x_wconf 83' lang='lat' dir='ltr'><strong>mutationem</strong></span> <span class='ocrx_word' id='word_1_192' title='bbox 1026 2773 1125 2838; x_wconf 85' lang='lat' dir='ltr'><strong>passa</strong></span> <span class='ocrx_word' id='word_1_193' title='bbox 1138 2761 1224 2835; x_wconf 90' lang='lat' dir='ltr'><strong>sunt,</strong></span> 
     </span>
     <span class='ocr_line' id='line_1_25' title="bbox 105 2846 1224 2938; baseline 0.002 -23"><span class='ocrx_word' id='word_1_194' title='bbox 105 2850 198 2920; x_wconf 88' lang='lat' dir='ltr'><strong>habes</strong></span> <span class='ocrx_word' id='word_1_195' title='bbox 212 2853 362 2928; x_wconf 87' lang='lat' dir='ltr'><strong>oolleota)</strong></span> <span class='ocrx_word' id='word_1_196' title='bbox 384 2850 509 2918; x_wconf 88' lang='lat' dir='ltr'><strong>oollatis</strong></span> <span class='ocrx_word' id='word_1_197' title='bbox 522 2851 654 2918; x_wconf 87' lang='lat' dir='ltr'><strong>voeibus</strong></span> <span class='ocrx_word' id='word_1_198' title='bbox 669 2847 750 2938; x_wconf 72' lang='lat' dir='ltr'><strong>doro</strong></span> <span class='ocrx_word' id='word_1_199' title='bbox 767 2856 799 2918; x_wconf 90' lang='lat' dir='ltr'><strong>et</strong></span> <span class='ocrx_word' id='word_1_200' title='bbox 820 2848 993 2937; x_wconf 75' lang='grc' dir='ltr'><strong><em>ἔσθη-οις,</em></strong></span> <span class='ocrx_word' id='word_1_201' title='bbox 1017 2846 1224 2938; x_wconf 78' lang='grc' dir='ltr'><strong><em>ὕσο-εσ-τής</em></strong></span> 
     </span>
     <span class='ocr_line' id='line_1_26' title="bbox 106 2947 1225 3037; baseline 0 -23"><span class='ocrx_word' id='word_1_202' title='bbox 106 2953 135 3015; x_wconf 86' lang='lat' dir='ltr'><strong>et</strong></span> <span class='ocrx_word' id='word_1_203' title='bbox 154 2947 298 3037; x_wconf 67' lang='grc' dir='ltr'><strong><em>ἐσ-θής,</em></strong></span> <span class='ocrx_word' id='word_1_204' title='bbox 321 2948 492 3032; x_wconf 87' lang='lat' dir='ltr'><strong>inquibus</strong></span> <span class='ocrx_word' id='word_1_205' title='bbox 513 2949 576 3014; x_wconf 88' lang='lat' dir='ltr'><strong>ista</strong></span> <span class='ocrx_word' id='word_1_206' title='bbox 597 2949 730 3014; x_wconf 88' lang='lat' dir='ltr'><strong>mutatio</strong></span> <span class='ocrx_word' id='word_1_207' title='bbox 753 2948 893 3015; x_wconf 84' lang='lat' dir='ltr'><strong>maxime</strong></span> <span class='ocrx_word' id='word_1_208' title='bbox 914 2954 1020 3032; x_wconf 82' lang='lat' dir='ltr'><strong>patet,</strong></span> <span class='ocrx_word' id='word_1_209' title='bbox 1045 2947 1171 3026; x_wconf 74' lang='grc' dir='ltr'><strong><em>’ἑο-θος</em></strong></span> <span class='ocrx_word' id='word_1_210' title='bbox 1193 2959 1225 3016; x_wconf 89' lang='lat' dir='ltr'><strong>et</strong></span> 
     </span>
     <span class='ocr_line' id='line_1_27' title="bbox 105 3045 1225 3129; baseline -0.001 -17"><span class='ocrx_word' id='word_1_211' title='bbox 105 3051 231 3128; x_wconf 67' lang='grc' dir='ltr'><strong><em>γέσσια</em></strong></span> <span class='ocrx_word' id='word_1_212' title='bbox 252 3067 318 3113; x_wconf 91' lang='lat' dir='ltr'><strong>uno</strong></span> <span class='ocrx_word' id='word_1_213' title='bbox 341 3046 519 3129; x_wconf 89' lang='lat' dir='ltr'><strong>eodemque</strong></span> <span class='ocrx_word' id='word_1_214' title='bbox 540 3046 654 3112; x_wconf 81' lang='lat' dir='ltr'><strong>suffixo</strong></span> <span class='ocrx_word' id='word_1_215' title='bbox 671 3064 741 3112; x_wconf 89' lang='lat' dir='ltr'><strong>esse</strong></span> <span class='ocrx_word' id='word_1_216' title='bbox 758 3046 897 3112; x_wconf 85' lang='lat' dir='ltr'><strong>formata</strong></span> <span class='ocrx_word' id='word_1_217' title='bbox 917 3045 1130 3116; x_wconf 75' lang='lat' dir='ltr'><strong>contendenti</strong></span> <span class='ocrx_word' id='word_1_218' title='bbox 1145 3045 1225 3112; x_wconf 94' lang='lat' dir='ltr'><strong>mibi</strong></span> 
     </span>
     <span class='ocr_line' id='line_1_28' title="bbox 105 3145 505 3211; baseline 0.003 -4"><span class='ocrx_word' id='word_1_219' title='bbox 105 3162 191 3210; x_wconf 90' lang='lat' dir='ltr'><strong>nemo</strong></span> <span class='ocrx_word' id='word_1_220' title='bbox 212 3166 278 3211; x_wconf 93' lang='lat' dir='ltr'><strong>non</strong></span> <span class='ocrx_word' id='word_1_221' title='bbox 302 3145 505 3210; x_wconf 84' lang='lat' dir='ltr'><strong>assentietur.</strong></span> 
     </span>
    </p>

    <p class='ocr_par' dir='ltr' id='par_1_6' title="bbox 105 3240 1224 3423">
     <span class='ocr_line' id='line_1_29' title="bbox 183 3240 1224 3324; baseline 0.001 -17"><span class='ocrx_word' id='word_1_222' title='bbox 183 3241 294 3324; x_wconf 90' lang='lat' dir='ltr'><strong>Vides,</strong></span> <span class='ocrx_word' id='word_1_223' title='bbox 316 3249 436 3324; x_wconf 89' lang='lat' dir='ltr'><strong>quanta</strong></span> <span class='ocrx_word' id='word_1_224' title='bbox 457 3243 498 3307; x_wconf 90' lang='lat' dir='ltr'><strong>sit</strong></span> <span class='ocrx_word' id='word_1_225' title='bbox 520 3241 553 3306; x_wconf 93' lang='lat' dir='ltr'><strong>in</strong></span> <span class='ocrx_word' id='word_1_226' title='bbox 575 3240 784 3308; x_wconf 89' lang='lat' dir='ltr'><strong>substantivis</strong></span> <span class='ocrx_word' id='word_1_227' title='bbox 805 3259 828 3306; x_wconf 85' lang='lat' dir='ltr'><strong>a</strong></span> <span class='ocrx_word' id='word_1_228' title='bbox 847 3240 957 3308; x_wconf 84' lang='lat' dir='ltr'><strong>redioe</strong></span> <span class='ocrx_word' id='word_1_229' title='bbox 978 3263 1049 3318; x_wconf 69' lang='lat' dir='ltr'><strong>sss</strong></span> <span class='ocrx_word' id='word_1_230' title='bbox 1072 3240 1224 3308; x_wconf 89' lang='lat' dir='ltr'><strong>derivatis</strong></span> 
     </span>
     <span class='ocr_line' id='line_1_30' title="bbox 105 3336 1221 3423; baseline 0.002 -21"><span class='ocrx_word' id='word_1_231' title='bbox 105 3338 281 3405; x_wconf 80' lang='lat' dir='ltr'><strong>suffixorum</strong></span> <span class='ocrx_word' id='word_1_232' title='bbox 298 3338 447 3406; x_wconf 87' lang='lat' dir='ltr'><strong>varietas.</strong></span> <span class='ocrx_word' id='word_1_233' title='bbox 481 3337 654 3421; x_wconf 72' lang='lat' dir='ltr'><strong>colligenti</strong></span> <span class='ocrx_word' id='word_1_234' title='bbox 674 3343 783 3404; x_wconf 89' lang='lat' dir='ltr'><strong>autem</strong></span> <span class='ocrx_word' id='word_1_235' title='bbox 806 3357 845 3405; x_wconf 89' lang='lat' dir='ltr'><strong>ea</strong></span> <span class='ocrx_word' id='word_1_236' title='bbox 866 3337 946 3404; x_wconf 85' lang='lat' dir='ltr'><strong>milri</strong></span> <span class='ocrx_word' id='word_1_237' title='bbox 966 3336 1001 3402; x_wconf 92' lang='lat' dir='ltr'><strong>id</strong></span> <span class='ocrx_word' id='word_1_238' title='bbox 1023 3339 1221 3423; x_wconf 89' lang='lat' dir='ltr'><strong>potissimum</strong></span> 
     </span>
    </p>
   </div>
   <div class='ocr_carea' id='block_1_5' title="bbox 104 3551 1224 4109">
    <p class='ocr_par' dir='ltr' id='par_1_7' title="bbox 104 3551 1224 4109">
     <span class='ocr_line' id='line_1_31' title="bbox 167 3551 1224 3627; baseline -0.006 -15"><span class='ocrx_word' id='word_1_239' title='bbox 167 3559 187 3624; x_wconf 83' lang='lat'><strong>⁴)</strong></span> <span class='ocrx_word' id='word_1_240' title='bbox 204 3557 340 3626; x_wconf 81' lang='lat' dir='ltr'><strong>Exempla</strong></span> <span class='ocrx_word' id='word_1_241' title='bbox 356 3571 455 3626; x_wconf 78' lang='lat' dir='ltr'><strong>graeca</strong></span> <span class='ocrx_word' id='word_1_242' title='bbox 471 3556 552 3612; x_wconf 89' lang='lat' dir='ltr'><strong>huius</strong></span> <span class='ocrx_word' id='word_1_243' title='bbox 570 3555 662 3611; x_wconf 85' lang='lat' dir='ltr'><strong>suffixi</strong></span> <span class='ocrx_word' id='word_1_244' title='bbox 679 3561 755 3612; x_wconf 89' lang='lat' dir='ltr'><strong>sunt:</strong></span> <span class='ocrx_word' id='word_1_245' title='bbox 774 3555 902 3627; x_wconf 77' lang='grc' dir='ltr'><strong><em>ἄφ-ε-νος</em></strong></span> <span class='ocrx_word' id='word_1_246' title='bbox 918 3559 946 3611; x_wconf 86' lang='lat' dir='ltr'><strong>et</strong></span> <span class='ocrx_word' id='word_1_247' title='bbox 964 3553 1067 3626; x_wconf 68' lang='lat' dir='ltr'><strong>ote-voc</strong></span> <span class='ocrx_word' id='word_1_248' title='bbox 1084 3553 1144 3622; x_wconf 81' lang='lat' dir='ltr'><strong>(cfr.</strong></span> <span class='ocrx_word' id='word_1_249' title='bbox 1160 3551 1224 3607; x_wconf 80' lang='grc' dir='ltr'><strong>πό)-</strong></span> 
     </span>
     <span class='ocr_line' id='line_1_32' title="bbox 105 3635 1224 3710; baseline 0 -20"><span class='ocrx_word' id='word_1_250' title='bbox 105 3653 188 3707; x_wconf 77' lang='grc' dir='ltr'><strong><em>ε-μος,</em></strong></span> <span class='ocrx_word' id='word_1_251' title='bbox 208 3637 354 3708; x_wconf 49' lang='grc' dir='ltr'><strong>ἄναιμος),</strong></span> <span class='ocrx_word' id='word_1_252' title='bbox 373 3637 418 3693; x_wconf 83' lang='lat' dir='ltr'><strong>eui</strong></span> <span class='ocrx_word' id='word_1_253' title='bbox 434 3651 537 3693; x_wconf 72' lang='lat' dir='ltr'><strong>sanson</strong></span> <span class='ocrx_word' id='word_1_254' title='bbox 555 3653 657 3710; x_wconf 71' lang='grc' dir='ltr'><strong><em>ορ-σσσ</em></strong></span> <span class='ocrx_word' id='word_1_255' title='bbox 673 3639 822 3706; x_wconf 74' lang='lat' dir='ltr'><strong>(quaestura)</strong></span> <span class='ocrx_word' id='word_1_256' title='bbox 839 3637 993 3707; x_wconf 67' lang='lat' dir='ltr'><strong>respondet,</strong></span> <span class='ocrx_word' id='word_1_257' title='bbox 1011 3635 1108 3705; x_wconf 73' lang='lat' dir='ltr'><strong>rui-ros</strong></span> <span class='ocrx_word' id='word_1_258' title='bbox 1124 3636 1224 3707; x_wconf 76' lang='lat' dir='ltr'><strong>(Etym.</strong></span> 
     </span>
     <span class='ocr_line' id='line_1_33' title="bbox 104 3714 1221 3787; baseline -0.002 -15"><span class='ocrx_word' id='word_1_259' title='bbox 104 3731 129 3785; x_wconf 78' lang='lat' dir='ltr'><strong>p·</strong></span> <span class='ocrx_word' id='word_1_260' title='bbox 148 3722 217 3786; x_wconf 74' lang='grc'>172),</span> <span class='ocrx_word' id='word_1_261' title='bbox 245 3714 351 3778; x_wconf 63' lang='lat' dir='ltr'><strong>dci-vos,</strong></span> <span class='ocrx_word' id='word_1_262' title='bbox 369 3718 441 3773; x_wconf 83' lang='lat' dir='ltr'><strong>unde</strong></span> <span class='ocrx_word' id='word_1_263' title='bbox 460 3715 620 3786; x_wconf 72' lang='lat' dir='ltr'><strong>doivslolrov,</strong></span> <span class='ocrx_word' id='word_1_264' title='bbox 640 3718 793 3781; x_wconf 66' lang='lat' dir='ltr'><strong>darslolr‘sro</strong></span> <span class='ocrx_word' id='word_1_265' title='bbox 810 3717 857 3785; x_wconf 87' lang='lat' dir='ltr'><strong>fit,</strong></span> <span class='ocrx_word' id='word_1_266' title='bbox 880 3718 982 3782; x_wconf 71' lang='grc' dir='ltr'><strong>δοῖ-νος,</strong></span> <span class='ocrx_word' id='word_1_267' title='bbox 1001 3714 1103 3778; x_wconf 60' lang='lat' dir='ltr'><strong>dut-roc,</strong></span> <span class='ocrx_word' id='word_1_268' title='bbox 1122 3714 1221 3787; x_wconf 66' lang='grc' dir='ltr'><strong><em>ἓρψος,</em></strong></span> 
     </span>
     <span class='ocr_line' id='line_1_34' title="bbox 106 3792 1224 3872; baseline 0.004 -23"><span class='ocrx_word' id='word_1_269' title='bbox 106 3792 197 3866; x_wconf 70' lang='grc' dir='ltr'><strong><em>ἴχνος,</em></strong></span> <span class='ocrx_word' id='word_1_270' title='bbox 219 3799 363 3869; x_wconf 61' lang='lat' dir='ltr'><strong>rip-roos.</strong></span> <span class='ocrx_word' id='word_1_271' title='bbox 397 3798 422 3852; x_wconf 85' lang='lat' dir='ltr'><strong>E</strong></span> <span class='ocrx_word' id='word_1_272' title='bbox 445 3799 542 3868; x_wconf 80' lang='lat' dir='ltr'><strong>linguis</strong></span> <span class='ocrx_word' id='word_1_273' title='bbox 561 3799 683 3868; x_wconf 76' lang='lat' dir='ltr'><strong>cognatis</strong></span> <span class='ocrx_word' id='word_1_274' title='bbox 700 3799 814 3854; x_wconf 85' lang='lat' dir='ltr'><strong>latinum</strong></span> <span class='ocrx_word' id='word_1_275' title='bbox 833 3799 959 3872; x_wconf 65' lang='lat' dir='ltr'><strong>pio-nus,</strong></span> <span class='ocrx_word' id='word_1_276' title='bbox 982 3813 1086 3854; x_wconf 79' lang='lat' dir='ltr'><strong>sanson.</strong></span> <span class='ocrx_word' id='word_1_277' title='bbox 1102 3797 1224 3869; x_wconf 65' lang='lat' dir='ltr'><strong>retr-aas,</strong></span> 
     </span>
     <span class='ocr_line' id='line_1_35' title="bbox 105 3877 1223 3950; baseline 0.005 -20"><span class='ocrx_word' id='word_1_278' title='bbox 105 3877 142 3932; x_wconf 83' lang='lat' dir='ltr'><strong>zd.</strong></span> <span class='ocrx_word' id='word_1_279' title='bbox 157 3879 323 3950; x_wconf 72' lang='lat' dir='ltr'><strong>quse-nortb-</strong></span> <span class='ocrx_word' id='word_1_280' title='bbox 342 3878 496 3949; x_wconf 88' lang='lat' dir='ltr'><strong>(splendor),</strong></span> <span class='ocrx_word' id='word_1_281' title='bbox 518 3877 666 3936; x_wconf 80' lang='lat' dir='ltr'><strong>zoe-nortb-</strong></span> <span class='ocrx_word' id='word_1_282' title='bbox 685 3879 857 3949; x_wconf 66' lang='lat' dir='ltr'><strong>(agitantia),</strong></span> <span class='ocrx_word' id='word_1_283' title='bbox 878 3877 1069 3935; x_wconf 76' lang='lat' dir='ltr'><strong>thama-narib—</strong></span> <span class='ocrx_word' id='word_1_284' title='bbox 1088 3879 1223 3947; x_wconf 79' lang='lat' dir='ltr'><strong>(sanatio),</strong></span> 
     </span>
     <span class='ocr_line' id='line_1_36' title="bbox 106 3955 1223 4033; baseline 0.003 -21"><span class='ocrx_word' id='word_1_285' title='bbox 106 3955 269 4015; x_wconf 73' lang='lat' dir='ltr'><strong>drea-oostb-</strong></span> <span class='ocrx_word' id='word_1_286' title='bbox 280 3964 406 4027; x_wconf 80' lang='lat' dir='ltr'><strong>(cumas),</strong></span> <span class='ocrx_word' id='word_1_287' title='bbox 423 3959 595 4033; x_wconf 78' lang='lat' dir='ltr'><strong>pare-nortb-</strong></span> <span class='ocrx_word' id='word_1_288' title='bbox 613 3961 753 4028; x_wconf 82' lang='lat' dir='ltr'><strong>(ubertas),</strong></span> <span class='ocrx_word' id='word_1_289' title='bbox 769 3958 954 4016; x_wconf 75' lang='lat' dir='ltr'><strong>raedh-nortb-</strong></span> <span class='ocrx_word' id='word_1_290' title='bbox 972 3959 1145 4028; x_wconf 78' lang='lat' dir='ltr'><strong>(sinceritas),</strong></span> <span class='ocrx_word' id='word_1_291' title='bbox 1162 3961 1223 4033; x_wconf 77' lang='lat' dir='ltr'><strong>ras·</strong></span> 
     </span>
     <span class='ocr_line' id='line_1_37' title="bbox 106 4038 959 4109; baseline 0.002 -15"><span class='ocrx_word' id='word_1_292' title='bbox 106 4038 186 4095; x_wconf 71' lang='lat' dir='ltr'><strong>aasle</strong></span> <span class='ocrx_word' id='word_1_293' title='bbox 204 4039 338 4109; x_wconf 78' lang='lat' dir='ltr'><strong>(laetitia),</strong></span> <span class='ocrx_word' id='word_1_294' title='bbox 354 4040 515 4098; x_wconf 76' lang='lat' dir='ltr'><strong>vars-narib-</strong></span> <span class='ocrx_word' id='word_1_295' title='bbox 533 4040 656 4109; x_wconf 79' lang='lat' dir='ltr'><strong>(laetum</strong></span> <span class='ocrx_word' id='word_1_296' title='bbox 673 4041 798 4098; x_wconf 87' lang='lat' dir='ltr'><strong>attulisse</strong></span> <span class='ocrx_word' id='word_1_297' title='bbox 814 4041 883 4104; x_wconf 78' lang='lat' dir='ltr'><strong>setis</strong></span> <span class='ocrx_word' id='word_1_298' title='bbox 900 4042 959 4098; x_wconf 84' lang='lat' dir='ltr'><strong>erit.</strong></span> 
     </span>
    </p>
   </div>
   <div class='ocr_carea' id='block_1_6' title="bbox 0 0 1462 4872">
    <p class='ocr_par' dir='ltr' id='par_1_8' title="bbox 0 0 1462 4872">
     <span class='ocr_line' id='line_1_38' title="bbox 0 0 1462 4872; baseline 0 1"><span class='ocrx_word' id='word_1_299' title='bbox 0 0 1462 4872; x_wconf 95' lang='lat' dir='ltr'><strong> </strong></span> 
     </span>
    </p>
   </div>
  </div>
 </body>
</html>
