2916 4872
473 485 594 540 schedae
611 485 810 554 grammaticae.
1147 485 1206 545 117

91 657 191 732 tieret
219 652 350 740 ἄνωγον
378 651 551 720 'Orniaci-oo
579 691 620 702 -
651 654 790 740 {y'dodac
818 655 877 734 τὸς
907 652 1119 742 ἀ(ν).9ρώπος
1148 658 1207 740 τὸς

91 752 139 833 ito)
158 759 198 840 τᾷ
218 751 312 841 μάχᾳ
334 753 571 838 ἰκμαμμένος“.

166 853 209 918 Ut
236 852 335 935 igitur
355 853 389 916 in
411 851 462 917 his
484 850 640 935 exemplis
663 849 777 917 Graeci
799 853 908 922 dormis
932 855 1206 940 praepositionum

92 947 254 1016 decurtatis
284 950 334 1016 uri
362 955 452 1030 sunt,
482 948 529 1014 ita
556 945 598 1012 κά
622 968 747 1033 quoque
775 949 926 1018 exsard
954 953 1008 1022 vel
1037 953 1143 1037 potius
1165 973 1207 1020 ex

90 1043 144 1110 κάτ
164 1045 265 1113 torma
288 1053 391 1113 ortum
414 1065 485 1114 esse
508 1045 667 1130 quispiam
689 1048 847 1116 coniiciat.
889 1051 932 1116 At
954 1062 1121 1135 praeterea

167 1144 198 1222 b)
230 1142 275 1209 κά
297 1151 403 1229 potest
425 1145 471 1210 ita
493 1142 657 1226 explicari,
680 1151 715 1210 ut
736 1145 839 1230 ipsam
862 1148 994 1233 stirpem
1016 1139 1207 1221 breviorem,

91 1258 126 1304 cx
146 1261 207 1324 qua
229 1240 333 1308 na-rd
356 1241 526 1308 formatum
550 1248 613 1323 est,
636 1242 707 1308 sine
729 1246 889 1312 secundae
912 1245 1059 1332 syllabae
1081 1237 1207 1306 addita·

91 1345 187 1404 mento
209 1359 228 1406 e
249 1340 466 1406 remotissima
493 1344 601 1406 aetate
628 1349 827 1408 asservatam
851 1362 922 1410 esse
945 1342 1099 1408 dieamus.
1142 1338 1206 1404 Ne·

91 1454 144 1516 que
166 1437 290 1520 desunt,
315 1455 397 1519 qnae
419 1444 454 1502 ut
475 1436 537 1501 hoc
558 1434 626 1502 fieri
648 1437 790 1520 potuisse
812 1439 1035 1522 concedamus,
1060 1456 1120 1505 nos
1142 1457 1206 1501 mo·

91 1541 188 1600 veant.
231 1536 423 1618 Priusquam
445 1533 487 1600 de
510 1553 548 1600 ea
570 1553 605 1600 re
628 1553 846 1620 exponamus,
876 1537 924 1604 de
946 1532 1049 1602 κατά
1072 1555 1206 1621 praepo·

91 1630 204 1699 titionis
225 1633 386 1717 origine
408 1630 630 1698 disserendum
653 1639 711 1699 est.

166 1729 208 1796 Ut
228 1732 353 1798 multae
374 1728 613 1815 pronominales
631 1729 747 1813 stirpes
762 1730 890 1813 saepius
913 1731 995 1797 inter
1018 1750 1054 1797 se
1075 1731 1205 1796 coniun-

92 1832 198 1906 guntur
217 1863 261 1875 -
284 1828 394 1895 confer
414 1827 548 1910 stirpem
570 1837 618 1889 tu·
639 1827 673 1891 in
696 1819 844 1905 οὗ-το-ς,
868 1823 1019 1906 adad-g,
1042 1830 1108 1900 date,
1132 1847 1207 1894 ean-

94 1919 156 1986 dem
170 1923 202 1990 in
218 1922 303 2005 d-cs,
319 1924 424 2005 τό-τε,
440 1921 553 2003 rad-cs,
576 1924 707 2008 stirpem
725 1948 784 1988 κα·
799 1915 939 2003 iud-no,
958 1922 1067 2003 τό-κα,
1086 1923 1205 2005 nrt-na,

92 2017 190 2105 μή-κι,
206 2028 326 2104 ναί-κε,
343 2019 445 2101 oti-xi,
459 2007 530 2108 ἧ-κι
544 2055 593 2100 -,
609 2021 655 2087 ita
669 2020 938 2106 praepositionem
950 2020 1035 2087 κατά
1051 2043 1092 2090 ex
1106 2047 1206 2088 κα-τα

34 2157 37 2165 -
94 2113 290 2203 compositam
315 2141 386 2188 esso
403 2120 467 2186 iam
484 2117 646 2203 Benfeyus
662 2117 729 2196 (Or.
745 2126 777 2186 et
791 2117 865 2186 Oec.
881 2119 914 2185 Il
932 2123 1004 2199 556)
1028 2121 1207 2206 suspicatus

92 2222 142 2280 est.
183 2217 243 2298 Qui
267 2218 398 2301 quidem
428 2217 478 2281 vir
507 2215 617 2283 doctus
647 2235 758 2282 vocem
781 2211 872 2283 εἷ-τα
894 2227 1067 2302 comparat.
1088 2273 1091 2281 ,
1113 2219 1206 2286 Adde

93 2309 226 2396 ἕπει-τα,
251 2315 365 2402 dri-sot,
388 2317 458 2379 i-to.
496 2315 564 2380 Nec
586 2313 693 2380 minus
707 2313 810 2379 forma
831 2313 933 2397 με-τά
951 2315 996 2382 sic
1012 2314 1207 2401 explicanda

93 2416 148 2492 est,
179 2432 261 2496 quae
290 2410 560 2494 quemadmodum
588 2431 658 2476 cum
688 2412 823 2476 aliarum
850 2412 1031 2495 linguarum
1059 2413 1206 2498 indoger·

93 2510 277 2578 manicarum
301 2509 411 2576 formis
434 2508 580 2591 cognatis
602 2509 772 2574 coniuncta
800 2509 856 2590 sit,
886 2510 1047 2594 explicatu
1069 2532 1134 2576 non
1157 2517 1206 2578 est

92 2602 218 2675 difficile.
258 2605 531 2674 Proficiscendum
555 2611 603 2671 est
627 2625 647 2669 a
670 2606 770 2688 stirpe
791 2626 883 2680 cmo,
909 2626 950 2673 ex
972 2627 1036 2689 qua
1057 2606 1118 2673 hoo
1138 2608 1206 2674 sere

91 2700 248 2774 formarum
273 2711 410 2772 stemma
433 2702 548 2770 deduci
571 2722 667 2786 posse
688 2701 830 2768 videtur:

604 2858 686 2900 sma-

108 2957 167 3022 skr.
191 2922 1084 3039 Μ

109 3053 168 3129 (cfr.
185 3055 302 3133 (strevi
314 3055 438 3138 Etym:¹
457 3059 528 3122 151»
567 3074 624 3137 pro
646 3052 755 3130 (dalmat
901 3053 1171 3140 ῖο1ι·.(σ)μικρός).

165 3189 309 3256 Similem
332 3189 365 3254 in
387 3188 516 3253 modum
540 3187 624 3255 κατά
648 3195 750 3253 ortum
773 3208 844 3256 esse
865 3191 1039 3257 verisimile
1062 3199 1118 3274 est,
1141 3193 1205 3260 nisi

92 3286 165 3364 quod
186 3287 433 3371 praepositionis
448 3286 551 3352 forma
567 3286 720 3370 primaria
742 3288 973 3369 pronominalis
988 3289 1096 3370 stirpis
1111 3309 1205 3357 casus

91 3379 332 3452 iustmmentalis
354 3390 437 3465 erat,
467 3384 521 3467 qni
549 3383 678 3466 quidem
707 3383 883 3467 posteriore
904 3393 1010 3451 aetate
1033 3404 1136 3469 aeque
1157 3393 1204 3451 at

92 3497 144 3559 que
158 3477 256 3563 εἷ-τα,
282 3479 428 3560 ἔπει-τα,
452 3483 521 3556 ito,
546 3480 648 3568 ὁῆ-τα
670 3482 806 3564 (Εῖγιῐι.4
820 3484 895 3560 620)
917 3480 1128 3566 amplificatus
1144 3494 1202 3548 est.

91 3572 166 3642 lllud
193 3586 390 3665 postremum
419 3579 599 3664 exemplum
631 3578 732 3664 dri-ro
764 3577 936 3663 praecipue
964 3579 1049 3662 quod
1077 3598 1203 3663 compa·

62 3725 64 3729 .
93 3678 168 3740 retur
188 3685 237 3744 est
258 3683 379 3762 aptum,
404 3676 479 3758 quia
500 3696 542 3742 ex
563 3676 675 3743 eodem
692 3695 767 3742 nasu
785 3677 930 3742 manavit
951 3675 1049 3762 (*δη-
1062 3705 1105 3728 =
1120 3675 1200 3762 *dja
1269 3673 1272 3684 '

92 3770 442 3860 condecantemus
467 3796 499 3858 p.
523 3778 607 3852 620).
653 3772 800 3840 Ceterum
827 3773 1079 3840 instrumentalis
1108 3795 1203 3842 casus

93 3870 208 3952 saepius
229 3870 273 3937 ad
294 3872 548 3956 praepositiones
570 3870 755 3937 formandas
775 3868 955 3952 adhibetur,
978 3871 1086 3937 conier
1107 3871 1202 3956 παρά

94 3963 161 4040 (skr.
179 3972 274 4052 port)
297 3975 330 4036 et
350 3965 413 4033 ἀνά
435 3969 524 4048 (ibid.
547 3990 580 4053 p.
595 3972 679 4044 307).
719 3967 871 4034 Eiusdem
894 3969 1002 4053 stirpis
1024 3992 1097 4034 κα·
1118 3971 1203 4036 loca-

93 4059 167 4130 tivus
188 4073 236 4133 est
258 4073 403 4134 servatus
425 4067 460 4132 in
482 4066 640 4152 particula
662 4064 760 4146 ἐ-κεῖ,
783 4086 865 4149 quae
887 4066 1033 4134 similiter
1055 4087 1092 4132 ao
1108 4064 1150 4132 κά
1167 4068 1202 4132 in
