2916 4872
199 373 261 436 136
506 377 652 433 Banoaok:
679 378 801 434 Sohedae
817 381 1017 449 grammaticae.

199 569 240 616 ex
261 546 512 636 *Κληνό-νικος
535 557 567 616 61
588 547 875 636 *atavo-vanitas
898 551 951 630 (de
975 551 1105 640 Κληνός
1127 574 1158 620 v.
1181 575 1213 640 p.
1240 559 1319 639 132),

198 647 274 714 dein
294 645 480 729 Τιμαχίδας
501 646 590 726 111116
605 649 771 715 Bonseleri
785 650 893 728 lenio.)
915 669 956 717 61
975 651 1236 734 Τιμο-μαχίόας,
1262 659 1321 719 Φι-

198 742 287 808 λάων
316 764 356 811 61
387 741 580 810 walo-lewe
609 746 676 824 (eir.
709 745 916 825 Φιλό-λαος).
947 745 1185 834 661161111166
1214 750 1321 818 formis

197 843 361 908 nominum
390 842 589 926 propriorum
618 843 754 928 talibus,
788 845 901 928 quales
929 851 1004 911 sunt
1033 846 1110 913 illae
1138 852 1320 937 Δα-μένης,

198 939 411 1019 Κλεί-δικος,
440 940 474 1005 in
497 960 588 1006 usum
610 943 748 1026 receptis
770 962 808 1008 ao
830 942 1005 1026 divulgatis
1034 943 1129 1010 laoile
1152 945 1321 1029 linguaue

198 1039 302 1123 potuit
324 1037 455 1119 deduci,
484 1045 520 1103 ut
506 1039 600 1104 thio
626 1039 693 1106 illio
715 1040 810 1105 etiam
835 1040 889 1106 616Ι
902 1040 1012 1106 formis
1035 1041 1207 1155 syllabam
1218 1043 1321 1110 detra·
1447 1073 1448 1080 ¹

197 1135 305 1219 heret,
337 1153 421 1219 qnae
448 1136 617 1202 molestam
645 1137 736 1203 illam
768 1137 891 1204 sonitus
920 1138 1118 1222 syllabarum
1146 1138 1321 1206 vicinarum

94 1265 101 1280 ⁴
197 1234 461 1318 aequabilitatem
493 1253 559 1299 non
590 1234 798 1302 exhibebant.
852 1234 959 1314 Quare
992 1233 1043 1323 Λή
1046 1257 1157 1313 -νικος
1191 1238 1322 1315 (Μ1611.
1446 1299 1447 1318 ἶ

155 1387 156 1391 ,
198 1332 257 1413 ΙΙΙ,
282 1333 355 1408 269)
378 1351 420 1398 61
434 1329 549 1418 Δημό-
532 1355 653 1410 octog,
675 1333 742 1398 Πι-
726 1330 869 1420 -κρᾶτης
891 1333 1023 1408 (Mionn.
1040 1335 1154 1418 Suppl.
1170 1333 1227 1415 vl,
1249 1337 1320 1413 166)

197 1448 239 1496 ex
260 1427 523 1514 Πιστο-κράτης,
550 1435 621 1516 Νη·
622 1429 703 1517 κλῆς
727 1429 835 1510 (Fono.
861 1429 1321 1513 1636,1686;0.Ι.1217)
1444 1462 1446 1473 ·

77 1526 89 1532 ’
197 1545 238 1594 61
262 1534 375 1614 Νησο-
378 1529 460 1616 κλῇς
482 1526 676 1611 explicanda
697 1547 769 1595 esse
789 1529 980 1612 putaverim.
1443 1526 1446 1539 '

282 1626 317 1690 P.
343 1628 414 1691 124
461 1625 631 1692 Vooabnlis
659 1626 901 1740 inscriptionum
930 1626 1114 1709 argivarum
1136 1626 1337 1692 memorabi·-
1443 1660 1446 1691 l

196 1723 297 1805 libus,
321 1743 404 1806 quae
426 1723 561 1790 oolleota
582 1724 748 1807 proposui,
772 1719 877 1789 adioio
899 1741 1017 1789 nomen
1038 1724 1203 1807 proprium
1225 1731 1320 1788 Λαυ·
1445 1716 1446 1762 l

196 1819 275 1894 δέκα
305 1826 428 1899 (15561.
473 1819 566 1900 Quod
599 1820 811 1906 prinoipalem
840 1821 974 1886 sormam
1010 1818 1222 1885 *Λαυοδίκα
1257 1820 1320 1898 (eir.

195 1919 371 2006 Λαοδίκη)
393 1919 515 2001 habuit,
538 1918 627 1984 enias
648 1920 778 1985 vooales
800 1939 838 1981 vo
860 1919 894 1983 in
916 1919 1145 2000 veoaluerunt‚
1170 1924 1206 1983 ut
1227 1918 1319 1984 inter·
1355 1991 1358 1995 ,

197 2016 272 2083 dum
294 2018 391 2084 etiam
413 2041 451 2082 66
474 2016 508 2080 in
529 2039 548 2080 o
572 2016 638 2093 (ofr.
662 2011 814 2102 εὔκηλος.
824 2035 865 2082 ex
886 2011 1091 2101 *ε-ὖέκηλος
1112 2016 1134 2080 1.
1153 2036 1182 2082 6.
1204 2012 1320 2082 *ἐ-πέ-

196 2115 298 2202 κηλος
328 2120 456 2195 natum,
486 2111 520 2177 id
550 2112 635 2195 qnod
662 2112 779 2180 docent
800 2112 922 2181 formae
951 2112 1108 2196 γέκαλον·
1139 2107 1263 2199 ἥσυχον
1291 2118 1320 2178 61

196 2213 341 2296 βέκαλα·
365 2210 492 2296 νωχελῆ
515 2230 568 2294 ap.
584 2210 673 2287 Hee.)
697 2217 729 2276 et
750 2211 879 2295 saepius
902 2209 939 2276 ιο
956 2211 989 2275 in
1007 2235 1020 2275 ι
1035 2213 1077 2288 (v.
1094 2231 1125 2294 p.
1143 2212 1183 2274 49
1200 2215 1232 2276 61
1251 2213 1319 2287 121)
1443 2264 1444 2274 ,

195 2318 229 2376 et
251 2333 281 2376 ιε
304 2311 337 2376 in
361 2335 374 2375 ι
403 2309 469 2386 (ofr.
491 2308 574 2374 aeol.
599 2303 671 2392 ἶρος
699 2328 757 2391 pro
786 2305 878 2392 ἱερός
893 2307 979 2400 Aba
1003 2309 1035 2389 I,
1062 2311 1133 2386 103)
1162 2314 1320 2373 oontraota

195 2407 358 2474 videmus:
393 2425 475 2490 quae
496 2407 631 2472 mutatio
653 2426 674 2472 a
694 2405 912 2490 grammaticis
932 2404 1053 2470 Indicis
1076 2409 1317 2489 sompreaoroao

194 2507 387 2572 nominatur.

178 2648 181 2653 -
281 2604 316 2670 Ρ.
336 2608 405 2670 132.
438 2602 518 2669 (lum
539 2603 663 2686 graeois
684 2601 793 2667 formis
817 2597 936 2686 Φαηνά
960 2619 1002 2666 61
1024 2597 1239 2674 *masso-vd,
1264 2621 1316 2664 σε·

96 2699 97 2702 ’
196 2699 277 2788 λήνη
302 2722 343 2769 61
364 2698 554 2786 *estole-vn
585 2698 754 2782 explicatis
781 2717 947 2783 eompares
972 2697 1107 2763 latinum
1129 2696 1315 2762 vocabulum

196 2811 339 2873 seranus,
370 2796 456 2880 quod
477 2817 518 2864 61
545 2794 746 2874 *seres-ano
775 2795 841 2872 (ofr.
871 2815 918 2878 gr.
942 2793 1055 2872 σέλας)
1082 2792 1196 2860 eodem
1225 2792 1315 2858 modo

195 2903 298 2962 ortum
321 2894 517 2978 putaverim,
541 2913 603 2976 quo
626 2900 801 2988 oeneus-ex
822 2890 1010 2956 *uita-aeas
1030 2889 1161 2976 prodiit.
