2968 4866
390 421 566 490 Quaestiones
584 421 801 490 dialectologicas
819 436 940 491 graecae.
1175 421 1235 484 297

108 596 195 664 nasci
230 595 345 681 potuit.
397 595 516 662 Contra
551 615 662 663 omnes
695 595 850 660 tolluntur
883 593 1105 677 difficultates,
1147 595 1237 662 dum·

108 694 203 762 modo
226 700 405 761 statuamus
427 694 572 760 vocalem
596 717 621 772 a,
652 712 735 777 quae
756 697 907 777 sequatur
929 693 1068 760 litteram
1083 692 1114 777 p',
1146 715 1237 777 pro-

109 793 272 860 ductam
294 790 393 857 fuisse
415 798 492 857 ante
514 791 772 857 contractionem.

194 892 247 957 Ex
268 885 504 976 aspa-jdojccc,
529 886 763 976 pate-jrjojecc,
787 885 1045 974 prodo-jojojeac
1067 889 1153 955 euim
1168 888 1237 956 dor.

108 987 247 1072 τιμάσει
261 986 317 1066 (de
332 1010 393 1073 αη-
408 993 430 1049 d
443 985 483 1052 ef.
501 985 626 1053 Curtius
641 987 729 1053 verb.
741 987 773 1053 II
790 990 853 1069 67),
870 986 944 1064 (ion.
960 983 1118 1074 τιμήσει),
1135 985 1237 1075 φιλή-

110 1109 173 1166 σει,
189 1083 366 1169 μισθώσει
381 1090 452 1150 orta
464 1089 536 1151 suut
549 1084 723 1152 secundum
735 1083 848 1151 solitas
859 1082 1086 1151 contractionis
1097 1086 1236 1167 regulas.

194 1185 265 1250 Iam
287 1202 364 1249 vero
387 1182 507 1266 optime
529 1182 590 1248 hoo
611 1181 654 1247 ad
676 1182 758 1248 illud
781 1178 927 1265 quadrat,
951 1179 1037 1265 quod
1056 1180 1094 1247 G.
1111 1181 1237 1249 Curtius

109 1283 209 1358 (verb.
235 1282 251 1347 Ι
273 1284 347 1355 352)
377 1279 419 1346 de
447 1278 569 1362 origiue
598 1285 630 1347 et
659 1279 890 1365 compositione
911 1280 1079 1346 verborum
1108 1280 1237 1346 illorum

108 1381 285 1462 rectissime
306 1377 463 1462 exposuit.
500 1377 565 1443 ⁴Hic
586 1379 684 1461 enim,
708 1398 779 1444 cum
802 1378 927 1444 aeolica
940 1377 1052 1444 horum
1068 1380 1237 1445 verborum

108 1479 248 1546 flexione
278 1496 316 1543 eo
345 1475 521 1556 duceretur,
550 1484 585 1542 ut
614 1477 734 1562 primas
763 1475 957 1542 Graecorum
987 1475 1081 1542 huius
1109 1478 1238 1560 generis

107 1578 229 1642 formas
251 1575 284 1639 iu
308 1573 426 1658 -afimt
450 1573 565 1657 -ejami,
589 1574 702 1659 -ojemi
721 1572 839 1640 exiisse
861 1574 1030 1664 coniceret,
1054 1576 1122 1640 veri
1138 1577 1237 1641 simil·

108 1675 222 1740 limum
245 1672 340 1738 simul
362 1672 436 1738 fecit
449 1670 532 1755 jemi
553 1671 645 1754 illud,
669 1670 754 1755 quod
776 1670 867 1754 stirpi
890 1669 1021 1735 affixum
1043 1671 1092 1750 sit,
1115 1673 1239 1739 indica-

108 1772 210 1838 tivum
235 1789 307 1837 esse
329 1788 433 1854 praes.
456 1768 573 1836 radicis
592 1769 635 1854 jo
657 1777 729 1836 sort.
751 1768 861 1853 pir-mi.
905 1767 1039 1833 Accedit
1061 1768 1146 1849 quod
1168 1789 1237 1837 ver-

108 1872 186 1936 bnm
210 1868 292 1935 illud
306 1867 405 1951 semi
424 1867 457 1931 iu
480 1867 552 1951 ipsa
572 1887 690 1951 graeca
711 1867 823 1948 lingua
837 1865 978 1931 valuisse
993 1864 1136 1948 videtur;
1159 1866 1238 1951 legit

109 1969 196 2035 euim
220 1965 347 2032 Curtius
375 1965 408 2029 in
437 1965 591 2050 Hesychii
619 1964 736 2050 glossis
765 1983 835 2029 oum
864 1962 1029 2028 Lobeclxio
1057 1961 1149 2049 'ip-pr
1178 1987 1235 2050 pro

109 2064 220 2152 εἷημι·
244 2061 451 2148 πορεύομαι;
481 2062 566 2145 quod
589 2064 724 2146 optime,
747 2061 781 2127 ni
803 2061 907 2142 fallor,
930 2059 997 2125 alia
1017 2061 1127 2144 glossa
1149 2058 1236 2130 εἶεν·

110 2159 295 2247 ἐπορεύετο
325 2159 567 2245 comprobatum
597 2160 690 2247 'c'p-pc
706 2184 714 2226 :
731 2154 833 2226 ε-ἶε-ιι
854 2189 897 2211 =
911 2159 1034 2243 plu-mi:
1051 2160 1128 2245 ujdt.
1173 2164 1236 2230 Ne·

109 2281 172 2345 que
195 2259 237 2325 de
259 2258 365 2324 vocali
388 2283 407 2344 η
431 2258 494 2323 hac
521 2257 555 2322 in
577 2259 686 2327 radice
707 2257 795 2344 apud
818 2258 991 2325 Dorienses
1020 2277 1146 2343 quoqne
1176 2263 1237 2328 usi-

108 2365 178 2425 tata
200 2355 340 2423 dubitari
368 2361 483 2440 potest.
527 2357 597 2422 Hoc
619 2357 720 2440 enim,
751 2377 822 2423 cum
850 2357 955 2441 ipsum
982 2357 1114 2422 verbum
1143 2357 1237 2444 ἰἠ-μι

108 2477 175 2522 non
197 2460 312 2537 exstet,
336 2473 377 2520 ex
398 2451 491 2538 ἵη-μι
513 2455 604 2521 verbi
626 2455 735 2521 iormis
756 2453 967 2537 cognoscitur,
991 2453 1076 2535 quod
1098 2455 1237 2541 redupli-
1287 2462 1290 2470 ’

109 2553 237 2619 catione
260 2571 300 2618 ex
322 2549 417 2638 ἰἠ-μι
438 2552 492 2617 illo
508 2558 617 2619 natum
634 2573 706 2621 esse
721 2559 770 2619 est
783 2562 893 2620 uotum
915 2553 966 2631 (ol.
983 2553 1108 2619 Curtius
1123 2560 1237 2638 etym.⁴

109 2655 195 2728 403).
241 2649 373 2731 Legitur
395 2656 502 2716 autem
525 2651 559 2716 lu
589 2671 663 2735 pap.
686 2650 788 2717 Alcm.
812 2652 828 2715 I
854 2655 890 2714 12
921 2647 1120 2736 παρήσομες
1150 2647 1236 2737 (ἥσω

109 2779 152 2801 --
164 2746 382 2831 εσε1.’]ῖιε]’ᾶιηι’
395 2747 487 2832 Bopp
503 2749 604 2832 vergl.
621 2750 762 2816 Gramm.
779 2749 828 2813 112
844 2751 928 2830 335),
947 2747 1139 2835 συνήκαμες
1151 2749 1234 2815 Plut.

108 2847 149 2912 A.
171 2847 216 2916 L,
233 2866 265 2929 p.
288 2847 350 2910 286
372 2866 403 2910 n.
430 2849 457 2920 1.
724 2847 729 2854 '

196 2943 303 3025 Atque
325 2961 385 3025 ogo
409 2942 449 3008 de
468 2943 558 3009 verbi
580 2943 667 3009 illius
689 2941 781 3029 ’ίη-μι
798 2968 805 3010 :
821 2943 933 3027 ἰἐ-μες
955 2945 1114 3010 vocalium
1137 2945 1238 3028 quali-

15 3045 18 3051 '
109 3048 176 3106 tate
200 3039 314 3106 eodem
341 3060 471 3124 prorsus
493 3041 589 3107 modo
611 3041 717 3107 iudico
740 3049 838 3125 atque
860 3043 901 3109 de
923 3047 1083 3129 ιί-θη-μι
1099 3065 1106 3107 :
1122 3045 1237 3108 aeec-

109 3162 188 3220 μσς,
220 3157 291 3203 cum
320 3145 353 3203 et
379 3137 441 3203 hoc
469 3136 586 3220 ubique
613 3139 647 3203 in
677 3139 822 3206 dialectis
844 3140 1067 3208 aeolo-doricis
1089 3164 1109 3226 η
1133 3146 1236 3225 proc'c

110 3237 280 3316 exhibeat3
302 3233 396 3322 'lp-pc
413 3259 420 3300 ι
427 3235 535 3320 joffrini,
560 3235 728 3302 didicorat:
744 3242 868 3324 τίθημι
884 3246 942 3305 eto.
974 3240 1120 3323 Apparet
1142 3239 1238 3321 igitur

109 3335 160 3400 his
182 3334 217 3398 in
240 3333 346 3399 verbis
362 3358 381 3420 η
399 3353 440 3400 ex
461 3337 479 3396 ᾶ
503 3341 614 3400 natum
631 3354 702 3402 esse
716 3355 776 3401 uec
796 3335 980 3402 laudandos
1001 3355 1073 3402 esse
1095 3353 1160 3415 eos,
1183 3337 1237 3417 qui

111 3432 257 3498 vocalem
274 3455 293 3515 η
310 3431 601 3516 ,amplificatione“
622 3451 662 3498 ex
678 3455 693 3498 ε
709 3439 819 3516 natam
834 3452 905 3499 esse
920 3434 1033 3498 volunt
1055 3433 1093 3498 ol.
1110 3431 1238 3498 Ahreus

111 3529 144 3593 II
164 3532 235 3594 146.
266 3529 396 3595 Meister
412 3528 495 3594 stud.
512 3528 557 3594 IV
575 3532 646 3595 378.
677 3529 756 3594 Utut
772 3531 856 3595 enim
874 3530 913 3596 de
929 3549 1017 3596 more
1032 3529 1088 3593 illo
1104 3528 1237 3610 singulis

112 3646 238 3709 quoque
268 3626 386 3709 linguis
415 3627 562 3711 proprias
584 3626 797 3694 substituendi
819 3627 944 3694 radices
965 3627 1158 3714 indicabitur
1187 3627 1237 3704 (of.

112 3723 240 3790 Curtius
263 3728 378 3809 seyme
392 3728 451 3790 -48,
484 3725 513 3792 J.
537 3723 691 3792 Schmidt.
713 3744 781 3790 voo.
804 3726 819 3790 I
842 3728 891 3803 9):
920 3725 980 3792 hoc
1001 3725 1081 3790 mihi
1102 3731 1236 3808 constat,

112 3822 234 3905 siquis
258 3820 374 3887 dixerit
396 3841 423 3888 e.
446 3842 477 3905 g.
500 3820 583 3909 ἥσω,
607 3820 707 3909 θήσω
730 3829 901 3907 propterea
922 3850 942 3910 η
966 3823 1127 3904 exhibere,
1151 3823 1237 3906 quod

111 3918 309 3986 aradioibus
331 3917 346 3986 ἑ
372 3926 404 3986 ε1
425 3925 470 3985 ec
494 3919 701 4002 descendant,
724 3941 791 3986 rem
815 3921 918 4003 ipsam
940 3922 1001 3986 hoo
1016 3921 1110 3986 modo
1133 3941 1239 4005 neque

112 4017 282 4100 explanari
304 4035 409 4100 neque
431 4019 602 4084 enucleari.
665 4052 668 4070 ι
1027 4027 1034 4041 ·
