2968 4866
246 413 307 475 320
393 505 397 514 ἢ
740 418 875 474 Schrader

330 593 371 658 Et
392 592 534 677 profecto
556 593 693 660 arbitror
714 611 810 677 posse
831 593 892 660 hoc
907 591 1003 658 modo
1018 591 1050 656 in
1074 593 1185 677 paucis
1208 597 1367 667 vocabulis

244 691 388 758 vocalem
418 716 438 779 q
468 688 648 776 eiplanari.
692 691 727 758 Si
747 688 863 771 enim,
897 688 1066 756 utstatim
1096 688 1139 755 ad
1168 710 1237 762 rem
1269 693 1367 777 ipsam

243 788 427 872 veniamus,
458 788 567 855 dorica
588 789 713 876 θῆλυς,
736 783 903 874 aplaces
926 789 992 866 (51)
1015 806 1184 872 comparas
1206 809 1277 856 cum
1299 800 1367 858 sert.

247 885 374 960 damnor,
397 885 489 954 uend.
504 886 613 960 daona
637 886 692 953 lat.
705 886 829 971 silere,
848 885 984 969 meinn,
1008 884 1046 950 sl.
1065 881 1153 961 dccc,
1177 882 1260 978 detq,
1283 888 1368 955 dubi·

243 984 303 1049 tari
326 984 381 1051 vix
410 991 532 1070 potest,
562 985 675 1051 harum
697 983 869 1050 formarum
898 982 992 1048 radix
1019 982 1096 1066 quin
1120 983 1198 1047 dact
1224 986 1276 1060 (cl.
1299 995 1367 1056 scrt.

243 1081 382 1166 doydmr')
404 1080 515 1166 luerit;
537 1082 571 1148 in
594 1083 741 1150 omnibus
764 1081 849 1149 euim
870 1079 991 1164 linguis
1011 1079 1077 1146 illis
1099 1082 1223 1150 vocalis
1246 1095 1262 1148 ῑ
1283 1085 1369 1152 adri

241 1177 351 1247 reduci
373 1188 428 1246 aut
450 1180 548 1248 debet
569 1187 624 1246 aut
646 1187 761 1265 potest.

327 1276 412 1358 Quid
440 1277 537 1362 igitur
564 1279 591 1346 si
622 1278 744 1344 vocalis
766 1303 785 1364 q
808 1278 843 1343 in
865 1276 976 1362 θῆλυς
1006 1275 1120 1343 ecdem
1149 1277 1247 1343 modo
1278 1300 1319 1346 ex
1342 1282 1371 1346 ci

147 1374 150 1381 ’
241 1382 343 1441 crtum
370 1382 419 1442 est
447 1383 542 1458 atque
570 1376 759 1443 sanseritum
783 1373 940 1442 ccxci?
983 1373 1061 1439 Mihi
1085 1374 1214 1458 quidem
1239 1377 1368 1444 dubium

240 1494 306 1540 non
322 1472 458 1556 videtur,
482 1473 558 1556 quin
578 1473 624 1540 sic
638 1491 689 1540 res
704 1492 776 1540 sese
798 1473 928 1553 haheat,
951 1492 1022 1538 cum
1045 1473 1234 1556 pracsertim
1251 1475 1369 1543 boeo-

117 1653 119 1659 .
241 1570 349 1639 ticae
372 1569 500 1638 dialecti
522 1571 674 1656 analogia
696 1577 808 1653 exstet,
832 1590 895 1653 qua
918 1568 1047 1652 quinam
1070 1570 1165 1638 huius
1184 1572 1369 1640 mutationis

240 1668 360 1751 gradus
382 1670 509 1753 inerint,
532 1672 605 1736 lucc
620 1670 736 1736 clarius
752 1674 896 1752 apparet.
928 1667 1149 1751 Antiquissimi
1165 1669 1254 1735 enim
1271 1671 1368 1738 Boeo·

239 1772 342 1832 tcrum
366 1767 450 1834 tituli
472 1791 508 1832 αι
530 1767 681 1851 religiose
702 1772 848 1848 servant,
877 1767 1060 1849 Tanagraei
1081 1765 1146 1832 iam
1171 1766 1206 1832 in
1228 1769 1369 1852 antiquis

239 1863 501 1949 inscriptionibus
522 1865 710 1950 scripturam
727 1888 764 1928 cr
779 1863 812 1928 in
835 1886 874 1928 αε
898 1869 1037 1946 mutant,
1061 1862 1167 1930 ionica
1188 1864 1369 1933 litteratura

238 1969 370 2047 recepta
397 1963 515 2048 ubique
544 1962 642 2046 idque
670 1983 795 2030 summa
823 1981 893 2026 cum
916 1963 1098 2028 constantia
1120 1986 1139 2049 q
1163 1982 1222 2046 pro
1246 1987 1299 2045 αι,
1330 1989 1367 2031 oc

239 2059 395 2126 scribitur.
429 2060 468 2127 cf.
484 2062 665 2128 Beermaun
687 2058 769 2128 stud.
793 2059 841 2124 IX
857 2062 908 2124 34.
938 2058 1017 2126 Siue
1040 2057 1136 2125 dubio
1158 2059 1258 2143 igitur
1280 2062 1366 2147 apud

239 2158 378 2226 Boeotos
399 2157 523 2224 vocalis
538 2183 558 2244 q
575 2158 664 2241 origo
687 2177 727 2223 ex
750 2181 786 2221 αι
808 2157 889 2223 haec
911 2156 984 2221 fuit:
1009 2160 1077 2236 καί,
1100 2155 1171 2235 καέ,
1196 2155 1239 2244 κῆ
1263 2178 1368 2243 neque

239 2264 297 2338 est,
320 2277 375 2322 cnr
397 2255 502 2322 simile
524 2255 697 2338 quidquam
721 2273 749 2321 e.
767 2275 814 2338 gr.
835 2256 869 2320 in
892 2253 1000 2336 θῆλυς
1021 2254 1179 2322 accidisse
1201 2275 1366 2340 negemus.

238 2353 307 2419 Hoc
335 2352 431 2437 igitur
462 2351 502 2419 de
532 2352 732 2437 diphthongo
762 2376 796 2416 αι
828 2353 875 2418 ab
903 2352 1025 2436 initio
1055 2351 1094 2418 in
1125 2353 1271 2422 radice
1301 2376 1366 2441 po·

238 2451 324 2518 sita·
339 2452 436 2518 valet.
1342 2451 1345 2456 '

323 2550 391 2615 lam
414 2568 490 2617 vero
513 2545 601 2614 aliud
624 2547 756 2614 accedb.
801 2545 835 2611 Si
858 2547 943 2613 enim
966 2541 1045 2634 ῆμι-
1066 2546 1146 2613 illud
1170 2552 1254 2631 (17),
1282 2550 1372 2635 quod·

236 2647 270 2712 in
292 2647 393 2714 titulis
416 2646 546 2731 quidem
568 2646 638 2712 siue
660 2647 727 2710 ulla
749 2645 940 2728 exceptione
961 2664 1019 2730 pro
1041 2639 1120 2726 ἆμι-
1142 2637 1271 2731 iegitur,
1295 2669 1365 2716 cum
1476 2707 1477 2732 p

236 2751 309 2812 scrt.
330 2746 417 2820 admi,
439 2745 515 2811 ahd.
530 2745 613 2808 admi
632 2763 810 2827 comparas,
833 2750 918 2809 certe
939 2741 1054 2808 mirum
1069 2741 1233 2810 videbitur
1247 2747 1365 2814 Aeoles
1476 2751 1477 2793 l

237 2862 362 2926 quoque
385 2849 417 2909 et
437 2843 611 2909 Dorienses
634 2862 666 2907 a.
682 2841 786 2926 prisco
809 2839 931 2908 vocalis
957 2845 1044 2907 statu
1066 2839 1251 2909 descivisse.
1298 2845 1365 2910 Hoc

236 2940 278 3005 ad
300 2939 535 3006 enucleandum
558 2940 695 3025 primum
717 2938 832 3004 miram
854 2938 944 3004 illam
967 2937 1206 3006 Lesbiorum
1228 2939 1364 3008 formam

235 3034 328 3118 αἰμι-
350 3033 527 3118 (αἰμίσεων
551 3038 601 3104 bis
624 3036 730 3103 Oonze
751 3037 799 3101 XI
817 3040 846 3115 1)
870 3055 927 3120 pro
951 3030 1028 3118 ἆμι-
1051 3037 1083 3102 in
1106 3038 1293 3104 memoriam
1317 3059 1365 3106 re·

235 3153 350 3199 vocare
378 3154 459 3217 opus
488 3132 545 3201 est.
595 3134 806 3201 confirmatur
835 3132 920 3201 enim
949 3132 1022 3216 illa,
1053 3133 1138 3217 quod
1164 3155 1364 3218 gramma·
1475 3151 1476 3179 λ

234 3231 306 3298 tici
338 3228 468 3297 tradunt
500 3232 633 3300 Lesbios
665 3252 723 3316 pro
751 3232 878 3316 vulgari
906 3255 941 3315 q,
977 3229 1043 3298 dor.
1074 3231 1095 3295 ἆ
1121 3232 1284 3301 interdum
1318 3234 1363 3301 di·

234 3329 435 3414 phthongum
465 3353 502 3395 υι
530 3329 714 3398 exhibuisse
741 3328 780 3395 cl.
803 3327 931 3396 Ahrens
960 3329 976 3395 Ι
999 3331 1050 3393 96.
1094 3330 1258 3416 Exempla
1284 3352 1361 3401 vero

233 3428 511 3512 grammaticorum
529 3427 611 3496 haec
625 3433 716 3495 sunit
738 3424 920 3505 Atctoooc,
944 3423 1108 3509 αἰμίονυς,
1130 3439 1257 3509 μαῑυις,
1280 3436 1361 3496 raai-
1474 3493 1475 3504 ,

232 3550 310 3613 cpe,
333 3524 483 3611 yc'tocpt,
506 3526 621 3610 quibus
644 3524 727 3592 inter
751 3545 786 3592 se
809 3523 1002 3609 comparatis
1023 3524 1291 3593 verisimillimum
1315 3529 1359 3594 vi·

232 3623 325 3692 detur
352 3622 518 3708 epentheai
546 3624 631 3690 iacta
659 3623 803 3690 vocalem
827 3647 839 3688 ι
861 3623 894 3688 in
922 3621 1168 3690 antecedentem
1198 3625 1357 3709 syllabam

231 3721 406 3807 irrepsisse.
438 3722 539 3788 Paulo
553 3722 647 3788 aliter
661 3719 703 3787 de
718 3724 872 3787 θυυλσκω
890 3727 921 3788 ct
942 3725 1135 3803 μιμναλσκω
1150 3720 1356 3789 iudicandum
1391 3762 1394 3768 -

233 3826 289 3901 est,
313 3839 395 3903 quae
410 3819 534 3903 antiqui
555 3817 753 3904 grammatici
771 3837 789 3886 e
804 3818 970 3904 θυῆΐσκω,
992 3818 1185 3906 μιμυηΐσκω
1202 3826 1273 3888 orta
1287 3839 1356 3887 esse

232 3916 395 3983 volebant.
720 3983 724 3992 ,
1377 3924 1382 3932 ’

317 4013 400 4093 Quid
423 4014 519 4096 igitur
540 4016 662 4099 obstat,
691 4015 860 4099 quominus
882 4016 968 4100 quod
997 4014 1087 4081 etin
1110 4013 1302 4082 Boeotorum
1323 4020 1352 4081 ct
