2968 4866
391 453 567 521 Quaestioucs
585 453 802 522 dialectologicae
819 467 941 521 graecae.
1173 433 1248 519 281'

197 631 396 714 Quamquam
425 627 617 712 gaudemus,
653 627 739 712 quod
766 648 786 695 a
813 629 940 713 pusillis
972 630 1037 698 illis
1069 639 1101 699 et
1128 634 1237 700 incon·

117 729 272 794 stantibus
286 727 494 794 dialectorum
512 725 748 794 discriminibus
769 727 853 793 inter
875 747 910 794 se
925 727 1149 814 comparandis
1170 732 1236 798 iam

116 825 215 893 redire
245 826 320 894 licet
347 824 390 892 ad
415 824 521 906 legem
552 824 644 891 illam
678 845 815 909 graecae
843 825 975 910 liuguae
1000 829 1234 913 gravissimam,

116 943 176 1006 qua
198 923 326 991 dialecti
349 941 461 990 omnes
486 923 521 988 iu
550 923 631 990 duas
652 913 760 1008 partes
782 923 977 1009 dividuntur,
1006 926 1040 992 in
1063 946 1128 1008 cas,
1152 945 1236 1010 quae

115 1027 252 1089 veterem
274 1023 419 1089 vocalem
449 1028 691 1104 occuservant,
721 1028 752 1089 et
783 1023 816 1088 iu
845 1042 910 1106 eas,
940 1042 1023 1106 quae
1051 1043 1122 1116 eam
1151 1026 1184 1090 in
1214 1049 1234 1111 η

116 1127 245 1186 mutant.
283 1120 465 1187 Dolendum
481 1127 587 1186 autem
610 1125 659 1185 est
674 1138 769 1203 quam
784 1120 934 1204 maxime,
959 1120 1071 1189 deesse
1093 1124 1234 1205 uomina,

116 1218 224 1300 quibus
249 1218 370 1302 duplex
398 1219 456 1286 illa
479 1217 689 1284 dialectorum
713 1217 827 1286 divisio
849 1239 985 1303 graecae
1008 1226 1039 1288 et
1067 1223 1174 1305 gentis
1203 1228 1236 1289 et

115 1315 241 1398 linguae
263 1316 428 1383 historiam
450 1318 615 1383 illustrans
641 1317 844 1400 significetur.
890 1319 958 1386 Nos
980 1319 1042 1386 hac
1063 1320 1097 1385 in
1121 1319 1237 1386 disser-

115 1414 197 1480 tiouc
219 1414 380 1482 tralaticia
401 1416 533 1481 nomina
560 1414 770 1482 dialectorum
799 1416 1174 1485 aeolo-doricarum
1205 1426 1237 1487 et

115 1511 446 1578 iuno-atticarum
468 1512 681 1596 relinquenda
703 1533 774 1580 esse
796 1535 861 1580 uon
884 1514 1145 1583 existimavimus.

195 1608 275 1676 curn
304 1611 401 1694 igitur
429 1609 470 1678 de
491 1611 563 1694 ipsa
584 1612 656 1694 lege
679 1609 817 1676 dubitari
839 1621 995 1696 nequeat,
1026 1622 1162 1699 apparet
1184 1617 1237 1683 vel

114 1707 267 1792 imprimis
296 1708 364 1775 eius
393 1709 614 1792 exceptiones,
649 1727 728 1792 quas
757 1716 789 1775 et
816 1712 934 1777 multas
961 1717 993 1778 et
1020 1733 1135 1796 graves
1165 1734 1237 1781 esse

115 1825 207 1890 supra
229 1805 413 1890 docuimus,
444 1806 653 1890 explicandas
675 1806 769 1872 nobis
792 1828 863 1875 esse
884 1809 1080 1892 propositam
1111 1830 1185 1876 uam
1209 1813 1236 1877 si

114 1903 144 1968 iu
170 1896 226 1971 his'
250 1924 378 1988 quoque
404 1923 537 1972 normae
559 1910 665 1971 certae
695 1909 727 1970 et
754 1905 886 1988 regulae
914 1908 1063 1992 cognosci
1091 1917 1235 1993 possunt,

114 2008 263 2084 quantum
287 2003 348 2068 hac
370 2023 405 2070 re
427 2005 481 2071 lex
502 2001 574 2086 ipsa
596 2009 628 2069 et
649 2001 852 2096 confirmetur
872 2011 905 2071 et
926 2011 1157 2093 comprobetur,
1181 2012 1237 2077 vix

114 2101 271 2185 estquod
299 2121 457 2168 moneam.
508 2101 784 2182 Quemadmodum
815 2103 912 2186 igitur
939 2105 1102 2176 Harderus
1136 2131 1237 2194 nuper·

114 2199 201 2264 altcri
235 2199 332 2265 huius
365 2202 470 2284 operis
501 2202 584 2285 parti
620 2202 805 2269 satisfacere
833 2203 954 2287 coepit,
988 2225 1058 2271 cum
1088 2206 1238 2274 disserta·

113 2296 225 2363 tionem
248 2297 292 2363 de
307 2298 407 2381 alpha
421 2301 526 2366 vocali
540 2300 628 2384 apud
643 2301 815 2366 Homerum
831 2300 987 2383 producta
1002 2304 1122 2380 (Berlin
1142 2308 1236 2384 187-6)

113 2395 280 2477 scriberet,
309 2415 369 2462 nos
390 2397 512 2464 vocalis
535 2422 554 2485 η
578 2398 612 2463 in
634 2397 868 2468 aeolo-doricis
891 2398 1037 2468 dialectis
1060 2403 1146 2470 unde
1168 2411 1238 2470 orta

113 2511 211 2575 quove
231 2475 332 2559 modo
355 2493 549 2577 explicanda
571 2496 612 2562 sit
633 2495 811 2563 accuratius
834 2515 1032 2579 quaeremus.

115 2656 118 2664 ,
192 2590 302 2656 Primo
330 2599 437 2659 autem
464 2594 536 2660 loco
566 2593 606 2660 de
633 2593 738 2659 vocali
768 2618 805 2679 η,
834 2613 917 2676 quae
945 2595 979 2659 in
1008 2599 1236 2664 vocabulorum
1338 2682 1340 2686 Ι

113 2687 301 2754 formatione
324 2696 355 2755 et
376 2689 515 2757 flexione
536 2691 745 2774 conspicitur,
775 2696 839 2755 tum
865 2691 905 2758 de
927 2692 1030 2759 vocali
1053 2720 1073 2782 η
1097 2696 1131 2760 in
1153 2696 1237 2762 radi-

112 2785 195 2853 cibus
217 2787 329 2871 posita
349 2788 450 2853 verba
471 2788 632 2855 faciemus.

588 3061 713 3137 duur
739 3063 768 3138 I.

154 3213 389 3297 Exponitur
417 3213 681 3298 caracalla,
712 3233 812 3297 quae
840 3213 881 3278 in
904 3214 1193 3284 vocabulorum

273 3315 521 3383 formatione
544 3321 583 3382 et
606 3315 790 3388 flexione
812 3316 1081 3399 conspicitur.

512 3489 549 3546 A.
580 3491 625 3548 lla
646 3491 828 3548 nominibus.

638 3642 710 3718 §d

195 3762 303 3843 Atque
325 3760 462 3845 primum
478 3760 606 3843 quidem
622 3762 768 3831 vocalem
786 3786 805 3849 η
823 3761 977 3828 exhibent
998 3761 1235 3830 aeolo-doricae

113 3877 237 3941 quoque
260 3858 389 3926 dialecti
411 3859 444 3925 in
465 3879 550 3925 nom.
566 3859 648 3943 sing.
670 3866 826 3926 certorum
843 3861 1005 3926 nominum
1029 3859 1150 3928 suffixis
1174 3871 1236 3935 tur,

114 3976 160 4028 ort,
176 3977 258 4029 mua,
276 3979 311 4020 aa
324 3957 531 4024 formatorum
553 3976 580 4023 e.
596 3977 627 4040 g.
643 3955 765 4042 πατήρ,
789 3955 899 4044 σωτήρ
913 3964 924 4034 (
932 3983 938 4024 :
949 3957 1084 4047 ῥήτωρ),
1108 3958 1236 4045 ποιμήν

113 4049 288 4137 (εᾶκμων),
323 4051 614 4142 εὐγενής(;ἥρως).
667 4053 752 4121 lllud
786 4079 806 4141 η
840 4056 972 4123 nomina
999 4077 1051 4140 ag.
1084 4057 1118 4122 iu
1151 4081 1236 4145 -τηρ
