2986 4864
241 426 284 481 De
301 425 412 482 ablativi
429 425 457 480 in
474 426 612 482 veteribus
630 425 727 496 ltnguis
745 426 842 482 italicis
860 427 948 482 forma
966 433 994 485 et
1010 445 1062 486 usu
1080 429 1169 486 locali.
1206 428 1269 490 399

230 599 301 664 Vll.
333 599 502 666 Ablativus
516 592 591 664 'oum
614 600 852 683 praepositione
867 602 1053 669 coniunctus
1075 621 1173 687 saepe
1195 622 1267 670 eum

144 717 235 764 usum
265 697 379 779 habet,
408 703 443 763 ut
464 695 588 779 aliquid
610 717 631 763 a
652 697 745 780 copia
774 697 884 781 aliqua
913 698 1113 783 dIsiungatur
1142 702 1270 778 (Holtze

143 815 217 880 pag.
242 800 292 877 55,
321 796 406 874 179),
442 814 525 876 quae
554 793 683 860 dicendi
711 795 792 860 ratio
821 815 841 860 a
868 797 982 862 Plauto
1011 799 1111 864 multo
1139 799 1269 882 saepius

144 912 238 976 qnam
261 913 282 958 a
302 892 453 958 Terentio
475 891 664 973 adhibetur3
686 893 855 974 scriptores
878 913 954 959 vero
977 894 1130 962 classicae
1152 896 1269 962 aetatis

144 990 211 1058 eius
233 1009 310 1056 usus
327 988 484 1071 ‘reliquias
506 995 629 1054 tantum
653 989 860 1056 retinuerunt.

163 1177 165 1184 ,
271 1126 377 1191 facere
399 1132 559 1207 sumptum
584 1124 624 1190 de
646 1125 717 1188 tuo.'
744 1125 848 1190 Plaut.
872 1125 988 1192 Bacch.
1013 1130 1063 1193 98.

271 1223 365 1308 pauci
388 1241 430 1287 ex
453 1222 571 1287 multis.
605 1222 720 1288 Pseud.
745 1226 816 1288 390.

271 1321 359 1388 solus
382 1340 423 1385 ex
445 1319 598 1403 plurimis.
633 1321 728 1386 Most.¹
749 1324 821 1386 880.

271 1427 305 1482 tn
329 1437 369 1484 ex
391 1417 502 1482 amtois
525 1416 619 1483 certis
642 1436 676 1483 es
699 1419 901 1486 certissimus.
938 1421 1026 1485 Trin.
1051 1424 1101 1486 94.

271 1534 367 1581 nemo
390 1534 431 1580 ex
453 1514 539 1592 omni
562 1514 669 1580 Attica
690 1517 865 1583 iuventute.
899 1517 992 1582 Most.
1017 1522 1066 1584 30.

271 1613 392 1678 iaciunt
414 1610 454 1677 do
476 1611 562 1676 malo
585 1613 755 1694 peculium.
791 1614 883 1678 Most.
908 1597 979 1680 86⁸3.

271 1710 324 1775 hio
346 1710 387 1775 dc
408 1728 506 1792 grege
528 1710 625 1774 illost.
659 1711 732 1774 Ter.
755 1708 816 1773 Ad.
841 1712 912 1774 362.

229 1861 317 1927 VIII.
361 1833 531 1927 Ablatirus
565 1881 634 1928 cum
669 1861 909 1945 praepositione
942 1862 1128 1930 coniunctus
1157 1865 1271 1932 instru-

143 1960 294 2026 mentalis
316 1979 409 2025 casus
431 1959 502 2024 loco
525 1959 687 2025 adhibitus
709 1960 836 2025 videtur
858 1977 938 2027 osse.

274 2098 314 2144 ex
337 2078 451 2161 opibus
473 2077 613 2144 summis
647 2077 713 2142 Mil.
739 2082 810 2143 620.

272 2182 395 2242 tantum
422 2175 539 2259 poterit
560 2195 580 2240 a
602 2175 762 2241 facundia.
796 2179 868 2242 Ter.
892 2176 988 2241 Haut.
1015 2180 1062 2242 13.

272 2292 312 2339 ex
335 2293 444 2338 amore
466 2273 595 2339 insanit.
630 2275 734 2339 Plaut.
757 2275 852 2341 Mero.
877 2277 949 2339 325.

273 2390 370 2436 sanus
393 2368 447 2435 fiet
469 2390 510 2436 ex
533 2391 570 2438 eo
594 2372 716 2439 morbo.
750 2371 830 2439 Cato
852 2394 876 2437 r.
900 2395 925 2436 r.
952 2375 1021 2435 157.

272 2468 330 2533 abs
353 2475 385 2532 tc
406 2467 549 2550 virgines
572 2468 689 2534 viduae
715 2478 799 2535 sunt
833 2472 916 2535 Enn.
940 2476 977 2534 tr.
1001 2471 1072 2533 279.

180 2589 188 2607 ‘
271 2565 388 2632 sterilis
410 2565 451 2630 ab
476 2565 570 2632 datis.
604 2567 763 2648 Tmoli,
790 2574 817 2649 1,
841 2571 893 2631 30.

227 2683 371 2749 Ablativi
393 2684 458 2766 vis,
490 2683 532 2750 do
554 2704 617 2766 qua
645 2704 741 2767 supra
770 2685 1019 2768 disputavimus,
1050 2704 1119 2750 oum
1143 2685 1206 2750 iam
1230 2705 1270 2750 ex

144 2783 256 2866 lingua
278 2780 540 2863 indegermanioa
561 2782 594 2846 in
617 2782 758 2848 italicam
783 2783 959 2863 transierit,
990 2802 1055 2847 non
1079 2789 1127 2849 cst
1155 2782 1269 2847 mirum

142 2879 227 2964 qnod
250 2879 284 2942 in
307 2878 421 2944 ceteris
444 2898 570 2961 quoquc
593 2879 739 2945 dialectis
761 2880 845 2946 idem
875 2900 951 2946 usus
979 2880 1144 2964 reperitur,
1175 2899 1269 2963 quam

142 2998 209 3046 rem
234 2975 399 3042 nonnullis
422 2977 580 3060 exemplis
602 2977 765 3060 probaturi
788 2997 906 3044 sumus.

233 3117 261 3189 1)
298 3111 455 3193 Lingua
480 3112 669 3177 umbrica.

221 3237 251 3309 a)
274 3238 427 3314 ampentu
464 3237 564 3296 tostru
603 3250 676 3298 sese
709 3231 897 3315 (impendito
937 3252 955 3298 e
992 3231 1126 3299 dextera
1158 3237 1271 3314 parte).

143 3329 209 3396 tab.
233 3328 292 3409 ΙΙΙ,
317 3331 367 3394 23.
391 3327 447 3409 IV,
474 3333 523 3394 15.

272 3446 369 3510 supru
385 3444 456 3492 sese
478 3426 641 3507 purtuvitu
665 3431 697 3496 ta
712 3445 828 3509 supera
843 3431 933 3508 parte
948 3424 1132 3507 polluoeto).
1166 3423 1222 3506 IV,
1239 3429 1268 3491 3.

272 3524 377 3606 porsei
406 3522 541 3589 nesimei
571 3541 629 3588 asa
658 3520 772 3587 deveia
801 3528 849 3588 est
877 3522 941 3603 (qui
972 3521 1117 3603 proxime
1144 3521 1186 3586 ab
1212 3541 1269 3588 ara

144 3620 261 3687 deveia
283 3627 352 3696 est).
385 3620 439 3684 VI.
463 3641 493 3686 0.
516 3623 545 3684 0.

272 3717 377 3801 porsei
400 3718 532 3782 nesimei
555 3736 710 3800 vapersns
733 3717 884 3784 avieoleir
910 3723 958 3782 est
987 3717 1052 3797 (qni
1082 3717 1227 3799 proxime
1249 3737 1270 3782 a

142 3815 241 3882 sellis
254 3814 461 3897 auguralibus
482 3822 551 3893 est).
586 3815 649 3881 tab.
675 3815 728 3878 VI.
752 3837 781 3880 a.
807 3818 834 3879 9.

272 3911 446 3984 ahavendu
468 3913 521 3978 via
545 3914 614 3978 ecla
636 3920 735 3980 atera.
771 3912 842 3976 VII.
865 3932 894 3977 a.
911 3914 961 3992 27,
983 3910 1066 3993 quod
1089 3932 1109 3976 a
1130 3911 1270 3978 Bueche-

142 4011 211 4078 lero
226 4010 394 4092 ingeniose
416 4018 448 4075 et
470 4019 557 4076 recte
579 4031 767 4077 conversum
784 4029 856 4077 esse
873 4008 1014 4075 videtur:
1037 4010 1170 4072 avertite
1187 4010 1272 4072 omni
