2916 4872
261 424 305 488 68
539 371 542 376 v
654 467 659 479 .
763 425 897 482 Baunsolr

248 601 309 662 ‘tito‘
331 597 453 683 torijoto
478 596 684 683 obbcbbtipbsi
696 589 825 681 'probol
869 595 920 666 De
940 601 1006 681 got.
1022 595 1122 660 tbeine
1144 615 1185 663 ex
1206 594 1374 682 *tua-jaer

260 695 336 762 vide
357 715 464 780 supra.

344 794 489 861 Alterum
503 794 590 878 quod
603 794 638 859 in
653 793 715 860 hcc
729 791 973 877 quaestiuncula
992 792 1087 859 nobis
1108 811 1371 877 proposueramus,

257 899 358 960 restat
378 900 414 957 ut
436 891 623 976 explicetur.
667 891 736 956 lam
762 889 849 962 enim
878 889 1158 973 pronominum
1188 909 1375 974 persona·
1443 891 1444 936 ἓ

258 990 355 1068 lium
376 989 565 1073 genetivi
587 989 728 1073 graeei
749 987 816 1068 illi,
846 986 874 1052 si
897 1005 952 1068 ec,
975 982 1059 1071 quae
1081 986 1122 1052 de
1143 987 1372 1071 pronominibus

258 1086 449 1172 possessivis
471 1107 569 1171 supra
592 1085 676 1170 dixi,
697 1084 853 1152 memoria
874 1085 1020 1166 tenebis,
1051 1084 1194 1150 facillimi
1218 1093 1310 1151 erunt
1329 1103 1373 1152 ox·

258 1185 389 1270 plicatu.
433 1183 607 1263 Quorum
636 1182 794 1266 quidem
823 1180 898 1248 duo
927 1200 1085 1265 genera
1112 1189 1210 1249 sunt
1238 1183 1376 1251 distin·

259 1281 428 1366 guenta.
1444 1323 1445 1362 ,

344 1380 451 1463 Atque
471 1377 610 1462 primum
623 1375 753 1462 quidem
775 1377 900 1443 Iones
916 1382 955 1443 et
969 1376 1099 1444 Attici
1120 1376 1277 1461 genuinos
1292 1396 1374 1461 gene·
1444 1363 1445 1410 l

260 1475 344 1542 tivos
366 1475 532 1560 praebent,
556 1495 598 1543 ex
613 1495 747 1560 quorum
757 1473 871 1541 termis
886 1471 1034 1540 suffixum
1048 1473 1192 1557 genetivi
1206 1475 1273 1559 -cjo
1289 1476 1374 1558 plane

260 1579 406 1657 apparet.
449 1574 501 1639 Ita
522 1570 617 1656 ἐμεῖο
641 1592 682 1641 ex
703 1569 856 1656 *mu-pb,
878 1582 971 1637 τεοῖο
988 1577 1020 1639 et
1036 1582 1127 1638 τεοῖο
1150 1591 1192 1638 ex
1213 1569 1373 1656 *tacu-eju,
1402 1575 1405 1581 “

259 1681 334 1736 τοῖο
357 1669 457 1755 (apud
479 1670 555 1738 Hes.
578 1666 668 1757 ἀμφὶ
689 1681 781 1735 τοῖο·
809 1669 891 1755 περὶ
914 1675 988 1747 σοῦ)
1018 1680 1104 1748 σοῖο,
1136 1680 1209 1736 σεῖο
1232 1689 1274 1737 ex
1294 1667 1374 1733 *tou-

259 1768 312 1852 sjo
340 1769 406 1841 (cfr.
430 1767 480 1834 ud.
504 1768 662 1853 tbwubyu)
691 1774 769 1834 nata
797 1774 888 1850 sunt,
917 1757 1029 1832 contra
1057 1767 1181 1834 formae
1204 1765 1294 1851 ἐμοῦ,
1323 1773 1375 1833 σοῦ

260 1865 485 1958 declinationis
506 1865 669 1934 secundae
690 1865 863 1932 nominalis
883 1864 1027 1948 genetivi
1042 1883 1084 1931 ex
1105 1867 1281 1949 posteriorc
1298 1884 1376 1932 more

299 2046 317 2086 a
334 2032 419 2102 stirpe
436 2049 482 2087 ma
634 2004 637 2009 Ι
846 2057 851 2070 ·
935 2045 953 2085 a
969 2030 1055 2102 stirpe
1072 2033 1161 2104 rna-ja

450 2102 464 2184 i
887 2110 947 2175 (cfr.
966 2125 1051 2181 supra
1067 2127 1152 2177 meos,
1168 2111 1263 2176 meins)

340 2181 402 2223 aee.
419 2184 491 2223 mum
509 2171 554 2233 (cx
570 2169 703 2234 *mo-om)
1111 2181 1115 2248 p

342 2247 398 2303 abl.
419 2251 488 2302 mci-t
505 2247 566 2313 (cir.
584 2254 674 2304 οοοιοε
689 2248 754 2316 mlo)
972 2247 1051 2303 instr.
1070 2248 1159 2320 roa-jo

341 2329 395 2384 loc.
418 2339 460 2382 mc
477 2331 521 2395 (ex
538 2329 637 2396 *mo-r)
972 2329 1035 2398 [loc.
1070 2327 1161 2400 rna-jo]

343 2407 397 2464 dat.
420 2405 571 2481 ma-bbjam

636 2503 654 2543 a
671 2487 757 2558 stirpe
775 2505 877 2544 ma-ma

736 2568 806 2634 (mdc
823 2573 918 2639 supra)

698 2718 757 2772 geu.
775 2721 877 2760 mir-mc
894 2708 946 2770 (est
963 2708 1099 2770 neutrum)

625 2784 684 2840 ved.
702 2785 757 2841 abl.
776 2791 910 2842 raa-mat.

264 2901 393 2970 originem
410 2902 527 2958 traxism
543 2901 702 2974 putaverim.
738 2901 824 2958 Simili
840 2903 920 2959 modo

366 3033 399 3074 ex
416 3017 502 3088 stirpe
519 3025 549 3154 τῖε
901 3019 1040 3090 exstirpe
1057 3023 1113 3153 wia

399 3167 471 3209 nom.
490 3160 577 3210 tir-am
970 3169 1030 3211 aco.
1048 3161 1120 3210 loom
1137 3159 1183 3223 (ex
1199 3155 1327 3220 *tva-am)

298 3231 373 3289 ‚reb
391 3231 469 3289 iustr.
489 3235 550 3289 tab
970 3236 1024 3292 abl.
1049 3240 1118 3291 too-t

413 3312 467 3368 dat.
487 3297 642 3388 ri-bbjatm)
969 3317 1021 3372 100.
1050 3322 1091 3371 roc
1109 3321 1137 3371 et
1154 3321 1180 3371 tc
1198 3319 1243 3383 (ox
1256 3312 1344 3379 *tva-e

333 3461 367 3502 ex
383 3446 469 3517 stirpe
486 3449 575 3521 tva-ja
694 3510 698 3514 ,
937 3466 972 3507 ex
989 3449 1074 3522 stirpe
1091 3455 1155 3506 lava

301 3651 303 3656 Ι
400 3585 465 3652 (got.
484 3583 574 3640 tbeins
589 3600 640 3657 pro
659 3586 826 3660 ‘tva-Ja-na)
1006 3601 1066 3656 gen.
1086 3591 1149 3641 ioca
1167 3577 1275 3653 (neutr.)

382 3662 463 3719 inrtr.
482 3666 571 3737 toa-jo

401 3743 463 3813 [100.
483 3747 576 3818 trapi]

265 3857 383 3913 formata
399 3870 459 3913 esse
474 3858 608 3916 videntur.
634 3859 702 3916 Inde
714 3859 797 3927 rides,
814 3875 895 3930 quam
909 3863 968 3916 arte
982 3875 1096 3918 casuum
1109 3865 1136 3915 ct
1148 3835 1245 3917 vocum
1261 3854 1369 3916 tornato

265 3936 303 4072 {it
320 3935 479 4071 oozniuucto:
497 3939 570 4008 quod
583 3939 654 3996 idem
668 3939 857 3998 Schleieherus
870 3945 899 3998 ct
912 3939 1021 3998 cutus
1033 3941 1088 3997 iam
1100 3939 1193 3998 multis
1210 3939 1278 3998 locis
1294 3941 1361 3996 osten

283 4031 370 4072 erun.
1034 4049 1036 4054 ,
