2968 4866
448 440 626 510 Quaesticncs
643 442 865 512 nuecelogicce
881 460 1003 514 gracum.
1229 447 1290 511 323

248 614 279 686 2)
304 609 442 698 εὐήθως
464 618 539 692 (12).
572 614 611 679 cf.
635 613 729 692 ἔθος.
754 653 795 662 -
817 617 983 685 Accedunt
1006 639 1046 686 ex
1067 619 1175 686 libris:

248 713 280 783 3)
302 713 409 793 γῆρας
433 710 548 795 Sophr.
578 714 608 775 7.
648 712 742 778 Pind.
777 713 815 779 ci.
838 719 977 799 μέρ-ων,
1013 713 1178 800 μερ-αιός.
1217 726 1291 784 sort.

159 801 280 888 dor-or,
302 802 400 889 dor-d
421 812 536 891 etym.4
562 813 631 874 175.
747 826 753 838 ·

249 906 280 974 4)
305 900 441 987 ἕρῆμος.
465 904 578 988 Epich.
604 908 651 971 19.
678 912 726 972 16.
756 908 848 973 Pind.
871 906 909 975 0.
933 911 949 974 Ι
972 915 990 974 6
1013 911 1188 999 ο1.ἠρὲμα,
1212 914 1291 1005 ἦρε-

159 1003 231 1080 μὶα.
261 997 379 1076 lfrom.
401 1008 465 1083 got.
489 1004 605 1068 rim-ir.
1163 1084 1167 1092 ἢ

247 1101 278 1171 5)
303 1091 483 1182 ἀκήρατος.
506 1100 608 1165 Alam.
621 1122 697 1184 pap.
710 1101 741 1165 ΙΙ
753 1105 803 1166 20.
827 1100 920 1168 Pind.
934 1104 967 1170 P.
985 1105 1012 1170 V
1025 1111 1065 1172 32
1078 1131 1086 1174 :
1099 1108 1291 1194 κεράνναμι,

301 1194 342 1259 de
365 1219 423 1279 κερ
441 1220 448 1260 r
465 1199 529 1280 κρα
551 1196 703 1284 (κρατήρ)
727 1197 765 1263 ci.
788 1199 808 1278 ξ
831 1201 870 1261 22
894 1220 925 1283 ρ.
950 1205 1021 1266 324.
1151 1243 1153 1250 ‹

247 1293 278 1367 6)
302 1288 426 1377 ἀρήμω.
458 1293 550 1359 Pind.
575 1295 609 1359 Ρ.
634 1296 732 1361 1163.
763 1297 819 1361 lat.
843 1317 948 1362 orceo.
983 1300 1060 1366 Sine
1084 1301 1181 1369 dubio
1206 1329 1224 1391 η
1250 1325 1291 1371 ex
1326 1373 1329 1380 ,

160 1411 176 1452 ε
200 1387 390 1470 productum
414 1397 477 1455 est:
507 1384 623 1474 'tfo'tpa
647 1387 740 1475 ἀρεκ,
762 1390 857 1479 ἀρηγ.
890 1395 1162 1481 ο1.ο1μο.4522.

246 1488 279 1562 7)
300 1484 478 1570 πηδάλιον.
509 1487 601 1552 Pind.
626 1488 660 1552 P.
685 1493 735 1554 86.
769 1487 878 1574 aspect.
907 1490 1042 1573 πέδ-ὀν,
1066 1494 1205 1563 ared-lov
1229 1505 1288 1566 etc.

160 1587 276 1666 etym.⁴
299 1584 371 1647 245.
796 1593 798 1598 ·

247 1681 279 1754 8)
303 1676 453 1766 δύσηρις.
487 1680 579 1746 Pind.
603 1681 640 1747 Ο.
663 1684 707 1746 VI
732 1685 781 1747 19.
816 1690 873 1749 att.
897 1682 1043 1771 δύσερις.

246 1776 375 1842 Deinde
397 1779 459 1843 hue
481 1779 573 1844 traho
593 1780 750 1845 vocabula
765 1787 799 1844 ut
821 1779 985 1867 ἐτήτυμος
1002 1806 1009 1848 :
1026 1782 1156 1866 ἔτυμος,
1181 1785 1290 1874 ἱππη-

159 1871 274 1950 λάτας,
300 1872 510 1961 διφρηλάτας
527 1899 533 1939 :
551 1874 678 1942 ἐλαύνω
703 1882 761 1942 ete.
796 1877 835 1942 cf.
857 1879 935 1942 Ahr.
960 1880 992 1944 Il
1018 1885 1087 1946 146.

679 2046 770 2128 §aa
840 2079 844 2086 »

246 2175 358 2240 Altero
385 2176 456 2239 loco
479 2176 520 2241 de
542 2175 593 2240 iis
615 2177 830 2243 vocabulis
860 2179 1087 2261 exponendum
1113 2187 1176 2262 est,
1207 2203 1289 2265 quae

158 2279 216 2336 aut
245 2277 356 2354 aperte
384 2272 427 2337 ad
455 2273 587 2354 iudog.
617 2273 767 2339 formas
795 2283 816 2338 ᾶ
843 2275 1091 2344 exhibentes
1119 2278 1290 2346 redeant

159 2375 216 2434 aut
238 2369 271 2434 iu
293 2369 393 2452 ipsis
417 2368 609 2435 dialectis
632 2376 653 2432 ᾶ
676 2380 712 2436 et
734 2396 753 2456 η
778 2372 953 2438 invicem
975 2382 1114 2441 utantur.

211 2466 214 2472 ’
245 2467 316 2530 Huc
337 2472 443 2532 autem
467 2467 637 2533 reserenda
662 2476 751 2532 sunt:

246 2568 278 2640 a)
301 2564 478 2646 singula:

249 2664 278 2734 1)
302 2648 394 2746 ἧμαι,
419 2656 553 2745 ἥμενος,
575 2653 685 2746 ἧσθαι
698 2667 771 2739 (15).
795 2669 921 2737 sertor,
937 2668 997 2729 dne.
1026 2666 1132 2747 Atque
1147 2684 1207 2748 ego
1222 2688 1287 2733 non

159 2758 282 2839 dubito,
306 2760 382 2840 quin
404 2746 518 2840 liu'gua
538 2777 654 2840 graeca
676 2761 761 2824 hanc
776 2761 916 2826 radicem
937 2759 981 2828 ad
1001 2760 1080 2840 tsid
1097 2785 1105 2824 :
1122 2760 1285 2846 lid-jupon,

159 2853 289 2937 ἕξομαι,
313 2854 401 2933 ἕδος,
418 2852 501 2938 ἕδρα
519 2858 740 2940 applicaverit,
763 2866 798 2922 ut
812 2858 873 2923 hoo
885 2857 983 2924 'modo
999 2865 1032 2924 et
1047 2859 1177 2942 spiritus
1191 2881 1288 2945 asper

158 2959 192 3018 et
213 2953 337 3018 vocalis
359 2976 379 3039 η
403 2971 444 3018 ex
465 2953 484 3015 ἁ
506 2962 680 3020 orerentur.
714 2954 753 3020 ci.
776 2954 902 3021 Curtius
924 2960 1039 3041 etym.⁴
1061 2959 1134 3022 381.

246 3053 277 3125 2)
301 3045 426 3136 ἥμερος
442 3055 507 3131 (18)
525 3071 596 3117 cum
612 3052 650 3117 G.
668 3051 775 3117 Curtio
791 3053 833 3118 ad
851 3050 934 3131 isos,
958 3048 998 3140 ἧς
1021 3044 1138 3120 reduco
1160 3058 1288 3138 (οιςιιι.4

159 3147 245 3224 381).
279 3145 387 3226 Quare
405 3167 477 3213 oum
498 3169 662 3231 nunqnam
677 3151 710 3215 iu
730 3150 876 3216 dialectis
896 3143 1007 3232 *οἶμαι
1026 3171 1084 3236 pro
1101 3143 1185 3239 ἧμαι
1201 3153 1288 3234 lega·

126 3231 129 3242 '
158 3251 220 3325 tur,
243 3244 446 3310 laudaverim
461 3246 654 3312 Abrensium
670 3248 878 3314 arbitrantem
894 3249 939 3323 (ll
958 3253 1029 3325 152)
1052 3248 1209 3330 librarios,
1233 3250 1287 3331 qui

158 3361 258 3424 saepe
286 3336 413 3425 ἅμερος
441 3342 638 3428 scripserint,
672 3345 859 3411 notissimae
891 3346 979 3410 vocis
1006 3347 1144 3412 Doricae
1177 3340 1287 3429 ἁμέρα

159 3438 273 3516 ,dies“
295 3439 505 3506 similitudine
526 3440 562 3505 in
585 3460 722 3507 errorem
744 3441 899 3507 abductos
922 3460 1003 3506 csse.

246 3539 280 3614 3)
310 3533 464 3622 μήδομαι
485 3539 561 3615 (36).
598 3543 672 3604 sert.
695 3540 754 3610 md,
782 3539 897 3610 uad-mi,
920 3539 1063 3601 mdtram.
1096 3537 1284 3624 α1.μῆ-ιις,

159 3631 264 3716 μέδω,
287 3631 447 3716 μέδομαι,
470 3632 642 3717 μέδοντες.
1257 3631 1264 3640 ’

245 3730 279 3805 b)
309 3731 437 3797 Deinde
458 3751 577 3815 parvus
598 3733 711 3798 talium
733 3729 876 3797 radicum
896 3749 1049 3797 numerus
1071 3730 1287 3798 nominandus

161 3831 227 3909 cst,
240 3845 389 3909 ‚quarum
418 3829 521 3910 prima
550 3829 653 3896 torma
680 3831 714 3894 in
743 3830 889 3894 nasalem
916 3833 973 3894 aut
998 3827 1154 3910 liquidam
1176 3828 1287 3895 exibat

161 3943 306 4008 quaeque
327 3926 579 4008 transpositione
599 3927 685 3993 iacta
698 3927 732 3995 in
747 3924 1131 3991 dialectisaeolo-doricis
1149 3924 1181 3990 iu
1198 3927 1286 3992 exitu

161 4029 218 4086 aut
245 4024 349 4088 solnm
372 4047 392 4108 η
416 4022 604 4090 exhibeant*
619 4030 674 4090 aut
696 4047 715 4110 η
743 4029 775 4088 et
796 4027 818 4087 ἃ
840 4022 978 4089 invicem
1005 4029 1143 4089 utantur.
1187 4024 1287 4090 Recte

1027 4124 1082 4177 ιι*
