2986 4864
250 429 313 491 382
519 432 623 502 Spiess:
646 431 688 488 De
705 432 844 487 Alemanis
861 438 958 502 poetae
977 432 1100 488 dialecto.

249 609 410 687 τέτρατος
432 612 465 670 et
485 609 645 687 τέταρτος
674 605 811 672 invicem
833 613 996 690 usurpata.
1019 606 1113 672 ¹Non
1136 607 1242 672 minus
1264 602 1374 692 ὅρνειξ

250 702 464 786 oonspioimus
492 723 550 785 pro
573 699 719 786 ὅρνιχες,
751 703 825 786 quia
847 703 934 786 apud
956 703 1131 770 Homerum
1153 710 1186 770 et
1208 700 1321 787 ὄρνεις
1343 711 1373 769 et

251 795 392 883 ὄρνιθες
413 801 623 884 reperiuntur.
667 799 855 883 colligimus
876 821 917 867 ex
940 801 991 868 his
1012 801 1186 884 exemplis,
1217 822 1259 868 ea
1280 802 1372 886 potis-

250 899 365 964 simum
387 897 576 964 Alemanem
605 918 646 964 ex
675 897 767 982 epioa
796 897 931 964 dialeeto
956 897 1147 981 arripuisse,
1174 899 1272 982 juxta
1294 918 1373 982 quae

250 995 447 1079 antiquiores
474 995 595 1062 iormae
623 996 795 1078 extabant,
825 1013 907 1078 quae
937 1014 978 1060 ne
1006 1015 1026 1060 a
1054 995 1216 1062 Laoouiea
1245 995 1372 1080 quidem

252 1093 392 1160 dialeoto.
412 1100 503 1160 erant
523 1094 662 1159 alienae.

335 1195 364 1254 sl
390 1211 447 1273 pro
477 1213 499 1256 o
525 1192 558 1256 in
586 1210 711 1275 papyro
740 1209 805 1255 uon
833 1189 966 1276 legitur3
1000 1190 1193 1272 optimorum
1222 1191 1374 1255 librorum
1421 1249 1425 1257 .

251 1294 368 1353 statum
397 1306 457 1353 nos
485 1287 684 1354 restituturos
714 1307 784 1353 esse
813 1293 890 1371 puto
919 1286 952 1352 in
978 1287 1017 1353 iis
1039 1287 1165 1370 formis,
1198 1288 1375 1370 dequibus

251 1385 396 1468 quaestio
419 1386 548 1451 omnino
570 1404 641 1452 esse
663 1391 785 1468 potest,
816 1384 934 1466 ubique
956 1384 1046 1450 illam
1068 1386 1196 1452 literam
1220 1385 1374 1464 delentes,

251 1502 443 1565 quamquam
466 1482 587 1563 dubito,
611 1503 686 1547 num
709 1482 752 1548 ad
771 1501 880 1548 veram
896 1482 1053 1550 rationem
1075 1484 1149 1551 ideo
1173 1482 1307 1566 propius
1328 1501 1375 1547 ao-

251 1579 412 1645 oedamus.
445 1579 614 1662 Digamma
629 1579 766 1646 fortasse
787 1586 913 1646 veteres
935 1582 1136 1663 grammatioi
1158 1602 1225 1647 non
1249 1581 1374 1663 saepius

250 1678 408 1760 legerunt,
431 1696 527 1759 quam
549 1677 582 1742 in
605 1677 721 1743 nostris
736 1678 974 1761 exemplaribus
990 1686 1087 1760 extat,
1111 1678 1170 1744 sed
1186 1679 1373 1744 Alemanem

250 1774 335 1841 hano
357 1774 484 1841 literam
506 1774 609 1857 magis
631 1774 850 1856 frequentasse
865 1775 1045 1842 Laeonioae
1066 1776 1198 1842 dialecti
1219 1774 1374 1858 legasse

250 1879 357 1940 cutum
379 1890 566 1955 persuasum
588 1872 702 1938 habeo.
1158 1927 1161 1934 .

335 1969 485 2035 Editores
507 1969 540 2033 in
563 1969 724 2035 mutandis
745 1969 932 2051 vulgaribus
953 1969 1062 2036 formis
1084 1989 1209 2036 summa
1230 1969 1372 2034 oautione

250 2067 300 2132 usi
322 2071 412 2148 sunt;
443 2066 529 2148 quod
557 2087 628 2132 eum
651 2067 766 2133 melius
794 2067 836 2134 sit
865 2086 959 2150 quam
989 2088 1091 2151 prava
1119 2067 1294 2134 sedulitate
1321 2085 1371 2132 eas

250 2183 362 2230 omnes
383 2162 427 2228 ad
450 2165 641 2230 Laeonioam
664 2164 838 2230 dialectum
866 2183 1032 2246 revoeare,
1061 2172 1170 2230 tamen
1200 2184 1314 2230 vereor
1333 2180 1370 2227 ne

250 2259 345 2326 nimis
379 2260 571 2342 oonjeoturis
595 2261 837 2343 -abstinuerint;
875 2282 917 2329 ne
950 2263 1084 2345 Bergkii
1117 2262 1247 2344 quidem
1282 2259 1370 2326 tertia
1476 2269 1477 2352 q

251 2355 349 2422 editio
372 2357 488 2424 uostris
511 2357 679 2425 desideriis
701 2360 780 2425 satis
801 2359 885 2426 iaait.
