2916 4872
501 423 623 483 schedae
639 429 838 497 grammaticae.

144 615 174 688 3)
270 610 387 763 *ταγαί
735 619 767 690 4)
896 617 1009 771 *ίαράί

264 763 391 844 *recog
890 769 1022 852 *τετως

300 917 378 997 τὲος
920 923 1007 1005 τέως

164 1035 222 1103 τέο
245 1045 325 1192 τεΙῦς
369 1049 443 1107 crct.
458 1038 538 1126 τέαρ
560 1045 633 1118 slot
916 1011 997 1157 τιάρς

956 1162 962 1232 Ι

247 1201 309 1260 τεῦ
926 1235 988 1298 ,clm

176 1383 227 1448 De
250 1381 356 1447 torma
376 1385 484 1458 τεοῦς,
508 1399 591 1464 quae
612 1381 683 1447 sola
705 1380 780 1446 huic
801 1381 973 1451 icrnrarum
996 1387 1157 1455 stemmati
1179 1387 1227 1454 in·

99 1478 156 1544 seri
176 1499 242 1544 non
266 1485 392 1563 potest,
416 1476 590 1560 quidquam
612 1477 689 1545 certi
713 1478 820 1546 dicere
841 1501 907 1547 non
930 1483 1043 1567 audeo,
1066 1504 1138 1552 cum
1160 1506 1226 1552 am·

98 1576 221 1658 biguum
237 1577 291 1657 sit,
314 1582 418 1642 utrum
434 1600 450 1641 ε
465 1575 574 1643 littera
588 1583 664 1642 ante
679 1599 701 1640 s
717 1582 788 1642 orte
802 1597 861 1661 per
876 1582 1125 1650 contractionem
1140 1583 1226 1652 iacta

98 1674 205 1756 sitan
228 1673 273 1742 ad
297 1672 401 1756 ἐμοῦς
423 1673 544 1740 formae
564 1673 668 1740 iustae
689 1673 873 1758 analogiam
900 1678 1052 1763 formata,
1081 1680 1114 1746 id
1137 1680 1224 1764 qnod

97 1772 239 1855 equidem
263 1771 418 1854 suspicor.

173 1868 269 1948 Quod
285 1875 394 1935 autem
409 1867 568 1952 quispiam
584 1867 770 1952 opposuerit
784 1869 962 1936 ablativum
986 1874 1128 1955 genetivi
1151 1875 1222 1942 loco

95 1973 278 2050 usurpatum
302 1965 349 2047 ei,
380 1966 433 2047 qni
464 1964 583 2032 formas
604 1965 652 2031 ita
673 1966 831 2049 explicet,
863 1963 1066 2037 difficultates
1094 1991 1220 2056 parere,

95 2063 150 2129 hoc
171 2057 423 2148 explicationem
445 2081 550 2128 meam
565 2081 629 2128 non
652 2063 754 2130 relclli
777 2065 966 2147 putaverim.
1004 2066 1221 2137 Consimiliter

95 2161 173 2227 enim
196 2163 229 2227 in
252 2161 432 2228 samaritae
460 2161 591 2243 linguae
617 2159 834 2227 declinatione
863 2161 1008 2246 stirpium
1031 2171 1064 2232 et
1089 2167 1124 2233 in
1147 2186 1221 2234 con·

93 2277 183 2325 sonas
205 2260 296 2325 etin
319 2258 448 2324 vocales
467 2258 481 2320 i
499 2263 533 2325 et
546 2278 567 2320 u
581 2259 765 2325 exeuntium
788 2260 884 2326 ambo
906 2260 956 2325 illi
978 2282 1071 2330 casus
1092 2284 1220 2349 semper

92 2376 151 2422 nna
170 2358 278 2423 forma
300 2355 530 2440 exprimuntur.

170 2456 221 2521 Dc
251 2453 440 2537 vulgaribus
468 2452 628 2536 genetiuis
654 2450 736 2535 ἐμοῦ
760 2458 832 2533 σοῦ,
864 2473 996 2537 quorum
1025 2454 1067 2521 de
1095 2457 1219 2542 origine

92 2570 182 2634 supra
203 2549 536 2632 commemoravimus,
560 2549 720 2634 duplicem
736 2551 769 2615 in
788 2549 917 2615 modum
940 2558 1046 2634 potest
1066 2552 1217 2621 iudicari:

91 2656 142 2713 aut
161 2650 308 2733 genetivi
337 2653 412 2715 sunt
433 2646 594 2715 secundae
618 2647 842 2714 declinationis
864 2646 907 2712 ad
929 2649 1113 2733 analogiam
1141 2671 1217 2734 pro·

91 2748 222 2815 nominis
246 2743 423 2831 possessivi
440 2746 578 2827 formati,
601 2751 657 2811 aut
671 2764 692 2810 a
706 2744 861 2810 nominali
880 2743 1095 2813 declinatione
1116 2749 1216 2833 plane

91 2843 307 2928 distinguendi
336 2850 411 2910 sunt
439 2849 471 2910 et
499 2843 643 2909 eiusdem
671 2842 798 2925 generis
821 2848 917 2924 atque
945 2842 1071 2911 doricae
1092 2845 1214 2915 iormae

90 2937 183 3022 ἒμέος
208 2941 290 3018 τέως
312 2937 447 3007 ablativi
475 2939 628 3025 putandi,
656 2939 711 3021 qui
733 2963 751 3016 ς
771 2937 860 3005 finali
883 2940 1001 3007 omisso
1024 2945 1214 3010 contractio·

89 3058 156 3104 nem
171 3064 208 3106 εο
224 3040 387 3106 vocalium
408 3039 443 3104 in
459 3062 498 3103 oo
516 3039 666 3103 usitatam
688 3037 777 3121 passi
800 3045 873 3104 sunt
894 3036 993 3122 (ἐμοῦ
1015 3060 1072 3123 pro
1094 3039 1214 3124 *ἐ-με-

88 3134 201 3219 (jtotg),
226 3143 301 3216 σοῦ,
325 3134 395 3216 σέο,
418 3142 478 3202 σεῦ
500 3155 558 3219 pro
580 3133 782 3218 *oa(r)o(g)).
813 3136 906 3202 Hanc
920 3135 1049 3219 quidem
1072 3139 1212 3222 explica·

88 3233 200 3301 tionem
234 3234 286 3299 illi
317 3233 479 3317 praefero,
513 3239 684 3316 propterea
717 3232 802 3315 quod
836 3253 892 3300 ces
924 3234 1043 3301 formas
1072 3235 1114 3301 ab
1146 3237 1211 3304 illis

87 3330 212 3399 Doridis
233 3331 346 3398 formis
370 3330 549 3397 distrahere
571 3336 627 3396 ant
649 3329 805 3396 divellere
826 3330 911 3398 nolo.
955 3331 1025 3398 Iam
1048 3351 1088 3399 ea
1110 3334 1212 3417 expli·

87 3430 208 3496 catione
235 3429 374 3514 probata
393 3427 601 3510 intellegitur,
630 3426 716 3510 quod
743 3433 809 3509 μοῦ
833 3435 865 3495 ct
886 3434 948 3494 σοῦ
969 3429 1210 3513 pronominales

88 3545 173 3594 casus
195 3527 274 3594 facti
293 3533 368 3593 sunt
382 3524 529 3606 enclitici,
552 3524 587 3590 id
605 3545 671 3591 non
689 3526 735 3591 ita
750 3526 865 3590 mirum
882 3544 968 3608 essc;
991 3525 1078 3607 quod
1099 3532 1208 3593 tamen

87 3623 116 3688 in
143 3624 272 3691 casibus
304 3623 521 3689 nominalibus
548 3643 608 3689 nos
641 3621 826 3688 offenderet.
878 3623 918 3688 In
947 3620 1035 3686 exitu
1064 3622 1208 3704 sigmatis
1294 3656 1302 3664 ·

87 3722 189 3789 omissi
217 3722 379 3805 permulta
406 3726 535 3788 exstant
562 3718 720 3804 exempla.
765 3718 858 3798 Quod
881 3717 1011 3802 quidem
1036 3719 1070 3784 in
1092 3719 1207 3788 eodem

86 3837 157 3886 casu
178 3818 390 3901 conspicitur,
419 3818 474 3884 cir.
497 3818 657 3884 ablativos
681 3813 778 3896 ebra,
808 3813 888 3896 άνω,
918 3811 1087 3902 ἀνωτέρω,
1118 3814 1206 3884 ἀνω-

86 3913 180 3995 τάτω,
203 3914 283 3994 ἔσω,
305 3913 407 3995 κάτω,
430 3913 504 3996 ἔξω,
527 3911 657 4000 πρόσω,
680 3911 810 3999 πόρρω,
833 3911 1009 3999 ἐγγυτέρω,
1025 3912 1204 4000 ἐγγυτάτω,

86 4011 283 4098 περαιτέρω,
306 4009 488 4098 ἑκαστέρω,
519 4010 704 4092 ἑκαστάτω,
734 4007 911 4098 άπωτέρω,
934 4007 1113 4078 άπωτάτω.
1157 4013 1205 4080 si-
