<?xml version="1.0" encoding="UTF-8"?>
<!DOCTYPE html PUBLIC "-//W3C//DTD XHTML 1.0 Transitional//EN"
    "http://www.w3.org/TR/xhtml1/DTD/xhtml1-transitional.dtd">
<html xmlns="http://www.w3.org/1999/xhtml" xml:lang="en" lang="en">
 <head>
  <title>
</title>
<meta http-equiv="Content-Type" content="text/html;charset=utf-8" />
  <meta name='ocr-system' content='tesseract 3.04.00' />
  <meta name='ocr-capabilities' content='ocr_page ocr_carea ocr_par ocr_line ocrx_word'/>
</head>
<body>
  <div class='ocr_page' id='page_1' title='image "./studienzurgriec01vanigoog_0389.png"; bbox 0 0 2986 4864; ppageno 0'>
   <div class='ocr_carea' id='block_1_1' title="bbox 455 429 1245 500">
    <p class='ocr_par' dir='ltr' id='par_1_1' title="bbox 455 429 1245 500">
     <span class='ocr_line' id='line_1_1' title="bbox 455 429 1245 500; baseline 0.008 -16"><span class='ocrx_word' id='word_1_1' title='bbox 455 431 496 486; x_wconf 87' lang='lat' dir='ltr'>Dc</span> <span class='ocrx_word' id='word_1_2' title='bbox 512 429 650 486; x_wconf 83' lang='lat' dir='ltr'>Alcmanis</span> <span class='ocrx_word' id='word_1_3' title='bbox 668 433 765 500; x_wconf 83' lang='lat' dir='ltr'>poetae</span> <span class='ocrx_word' id='word_1_4' title='bbox 783 429 906 486; x_wconf 86' lang='lat' dir='ltr'>dialecto.</span> <span class='ocrx_word' id='word_1_5' title='bbox 1184 431 1245 496; x_wconf 70' lang='lat'>371</span> 
     </span>
    </p>
   </div>
   <div class='ocr_carea' id='block_1_2' title="bbox 120 603 1249 988">
    <p class='ocr_par' dir='ltr' id='par_1_2' title="bbox 120 603 1249 988">
     <span class='ocr_line' id='line_1_2' title="bbox 120 603 1249 692; baseline -0.002 -18"><span class='ocrx_word' id='word_1_6' title='bbox 120 608 185 674; x_wconf 92' lang='lat' dir='ltr'>illis</span> <span class='ocrx_word' id='word_1_7' title='bbox 208 604 406 690; x_wconf 79' lang='lat' dir='ltr'>temporibus</span> <span class='ocrx_word' id='word_1_8' title='bbox 427 603 527 670; x_wconf 86' lang='lat' dir='ltr'>fuisse</span> <span class='ocrx_word' id='word_1_9' title='bbox 548 609 580 670; x_wconf 88' lang='lat' dir='ltr'>et</span> <span class='ocrx_word' id='word_1_10' title='bbox 601 609 731 687; x_wconf 86' lang='lat' dir='ltr'>poetam</span> <span class='ocrx_word' id='word_1_11' title='bbox 747 612 778 672; x_wconf 91' lang='lat' dir='ltr'>et</span> <span class='ocrx_word' id='word_1_12' title='bbox 799 604 964 672; x_wconf 87' lang='lat' dir='ltr'>musicum.</span> <span class='ocrx_word' id='word_1_13' title='bbox 980 607 1140 692; x_wconf 67' lang='lat' dir='ltr'>‚Apparet</span> <span class='ocrx_word' id='word_1_14' title='bbox 1161 606 1249 673; x_wconf 90' lang='lat' dir='ltr'>enim</span> 
     </span>
     <span class='ocr_line' id='line_1_3' title="bbox 122 701 1248 790; baseline -0.001 -18"><span class='ocrx_word' id='word_1_15' title='bbox 122 705 163 772; x_wconf 84' lang='grc' dir='ltr'>σὸ</span> <span class='ocrx_word' id='word_1_16' title='bbox 187 706 272 772; x_wconf 88' lang='lat' dir='ltr'>inter</span> <span class='ocrx_word' id='word_1_17' title='bbox 294 702 423 770; x_wconf 86' lang='lat' dir='ltr'>vocales</span> <span class='ocrx_word' id='word_1_18' title='bbox 445 701 572 768; x_wconf 89' lang='lat' dir='ltr'>mollius</span> <span class='ocrx_word' id='word_1_19' title='bbox 588 707 620 768; x_wconf 89' lang='lat' dir='ltr'>et</span> <span class='ocrx_word' id='word_1_20' title='bbox 635 701 676 768; x_wconf 87' lang='lat' dir='ltr'>ad</span> <span class='ocrx_word' id='word_1_21' title='bbox 699 701 879 769; x_wconf 86' lang='lat' dir='ltr'>canendum</span> <span class='ocrx_word' id='word_1_22' title='bbox 902 704 1009 790; x_wconf 87' lang='lat' dir='ltr'>aptius</span> <span class='ocrx_word' id='word_1_23' title='bbox 1030 703 1129 772; x_wconf 88' lang='lat' dir='ltr'>inisse</span> <span class='ocrx_word' id='word_1_24' title='bbox 1151 725 1248 789; x_wconf 87' lang='lat' dir='ltr'>quam</span> 
     </span>
     <span class='ocr_line' id='line_1_4' title="bbox 123 798 1249 888; baseline -0.001 -20"><span class='ocrx_word' id='word_1_25' title='bbox 123 803 141 884; x_wconf 85' lang='grc' dir='ltr'>ζ</span> <span class='ocrx_word' id='word_1_26' title='bbox 160 804 183 869; x_wconf 91' lang='lat' dir='ltr'>i.</span> <span class='ocrx_word' id='word_1_27' title='bbox 207 822 235 870; x_wconf 88' lang='lat' dir='ltr'>e.</span> <span class='ocrx_word' id='word_1_28' title='bbox 259 799 317 885; x_wconf 86' lang='lat' dir='ltr'>do;</span> <span class='ocrx_word' id='word_1_29' title='bbox 346 822 411 867; x_wconf 93' lang='lat' dir='ltr'>non</span> <span class='ocrx_word' id='word_1_30' title='bbox 433 799 540 865; x_wconf 90' lang='lat' dir='ltr'>minus</span> <span class='ocrx_word' id='word_1_31' title='bbox 561 798 669 866; x_wconf 86' lang='lat' dir='ltr'>cantui</span> <span class='ocrx_word' id='word_1_32' title='bbox 695 800 846 867; x_wconf 79' lang='lat' dir='ltr'><strong>subvenit</strong></span> <span class='ocrx_word' id='word_1_33' title='bbox 874 809 970 886; x_wconf 84' lang='lat' dir='ltr'>poeta</span> <span class='ocrx_word' id='word_1_34' title='bbox 992 801 1191 888; x_wconf 84' lang='lat' dir='ltr'>diphthongo</span> <span class='ocrx_word' id='word_1_35' title='bbox 1214 827 1249 868; x_wconf 89' lang='grc' dir='ltr'>αι</span> 
     </span>
     <span class='ocr_line' id='line_1_5' title="bbox 122 897 1249 988; baseline 0.002 -23"><span class='ocrx_word' id='word_1_36' title='bbox 122 921 180 988; x_wconf 90' lang='lat' dir='ltr'>pro</span> <span class='ocrx_word' id='word_1_37' title='bbox 204 923 230 963; x_wconf 88' lang='grc' dir='ltr'>ω</span> <span class='ocrx_word' id='word_1_38' title='bbox 254 900 288 965; x_wconf 93' lang='lat' dir='ltr'>in</span> <span class='ocrx_word' id='word_1_39' title='bbox 309 898 396 965; x_wconf 89' lang='lat' dir='ltr'>haud</span> <span class='ocrx_word' id='word_1_40' title='bbox 425 917 526 982; x_wconf 88' lang='lat' dir='ltr'>parvo</span> <span class='ocrx_word' id='word_1_41' title='bbox 547 897 775 964; x_wconf 86' lang='lat' dir='ltr'>vocabulorum</span> <span class='ocrx_word' id='word_1_42' title='bbox 798 919 929 968; x_wconf 87' lang='lat' dir='ltr'>numero</span> <span class='ocrx_word' id='word_1_43' title='bbox 952 901 1071 984; x_wconf 89' lang='lat' dir='ltr'>posita,</span> <span class='ocrx_word' id='word_1_44' title='bbox 1102 921 1177 967; x_wconf 90' lang='lat' dir='ltr'>nam</span> <span class='ocrx_word' id='word_1_45' title='bbox 1200 920 1249 967; x_wconf 89' lang='lat' dir='ltr'>se·</span> 
     </span>
    </p>
   </div>
   <div class='ocr_carea' id='block_1_3' title="bbox 121 994 1344 1081">
    <p class='ocr_par' dir='ltr' id='par_1_3' title="bbox 121 994 1344 1081">
     <span class='ocr_line' id='line_1_6' title="bbox 121 994 1344 1081; baseline -0.002 -15"><span class='ocrx_word' id='word_1_46' title='bbox 121 997 229 1066; x_wconf 80' lang='lat' dir='ltr'>verior</span> <span class='ocrx_word' id='word_1_47' title='bbox 252 996 410 1064; x_wconf 88' lang='lat' dir='ltr'>dialectus</span> <span class='ocrx_word' id='word_1_48' title='bbox 433 994 552 1060; x_wconf 86' lang='lat' dir='ltr'>Dorica</span> <span class='ocrx_word' id='word_1_49' title='bbox 573 994 859 1080; x_wconf 82' lang='lat' dir='ltr'>diphthongorum,</span> <span class='ocrx_word' id='word_1_50' title='bbox 883 1017 965 1081; x_wconf 85' lang='lat' dir='ltr'>quae</span> <span class='ocrx_word' id='word_1_51' title='bbox 986 998 1126 1065; x_wconf 87' lang='lat' dir='ltr'>maxime</span> <span class='ocrx_word' id='word_1_52' title='bbox 1147 999 1250 1066; x_wconf 86' lang='lat' dir='ltr'>varic·</span> <span class='ocrx_word' id='word_1_53' title='bbox 1342 1060 1344 1064; x_wconf 12' lang='grc' dir='ltr'><em>Α</em></span> 
     </span>
    </p>
   </div>
   <div class='ocr_carea' id='block_1_4' title="bbox 123 1093 1254 1860">
    <p class='ocr_par' dir='ltr' id='par_1_4' title="bbox 123 1093 1254 1860">
     <span class='ocr_line' id='line_1_7' title="bbox 123 1093 1250 1190; baseline 0 -28"><span class='ocrx_word' id='word_1_54' title='bbox 123 1101 222 1162; x_wconf 85' lang='lat' dir='ltr'>tatem</span> <span class='ocrx_word' id='word_1_55' title='bbox 254 1094 392 1161; x_wconf 84' lang='lat' dir='ltr'>afferunt</span> <span class='ocrx_word' id='word_1_56' title='bbox 420 1093 544 1176; x_wconf 86' lang='lat' dir='ltr'>cantui,</span> <span class='ocrx_word' id='word_1_57' title='bbox 574 1093 685 1178; x_wconf 92' lang='lat' dir='ltr'>inopia</span> <span class='ocrx_word' id='word_1_58' title='bbox 707 1094 849 1190; x_wconf 79' lang='lat' dir='ltr'>laborat,</span> <span class='ocrx_word' id='word_1_59' title='bbox 881 1114 963 1180; x_wconf 91' lang='lat' dir='ltr'>quae</span> <span class='ocrx_word' id='word_1_60' title='bbox 994 1116 1046 1164; x_wconf 90' lang='lat' dir='ltr'>res</span> <span class='ocrx_word' id='word_1_61' title='bbox 1071 1098 1250 1179; x_wconf 82' lang='lat' dir='ltr'>angebatur</span> 
     </span>
     <span class='ocr_line' id='line_1_8' title="bbox 123 1191 1252 1279; baseline 0 -19"><span class='ocrx_word' id='word_1_62' title='bbox 123 1194 283 1260; x_wconf 88' lang='lat' dir='ltr'>vocalium</span> <span class='ocrx_word' id='word_1_63' title='bbox 308 1191 443 1259; x_wconf 88' lang='lat' dir='ltr'>dilatata</span> <span class='ocrx_word' id='word_1_64' title='bbox 464 1191 735 1277; x_wconf 80' lang='lat' dir='ltr'>pronuntiatione,</span> <span class='ocrx_word' id='word_1_65' title='bbox 758 1213 852 1277; x_wconf 84' lang='lat' dir='ltr'>quam</span> <span class='ocrx_word' id='word_1_66' title='bbox 876 1201 1001 1262; x_wconf 88' lang='lat' dir='ltr'>veteres</span> <span class='ocrx_word' id='word_1_67' title='bbox 1022 1195 1252 1279; x_wconf 83' lang='lat' dir='ltr'>vituperabant</span> 
     </span>
     <span class='ocr_line' id='line_1_9' title="bbox 125 1287 1251 1374; baseline 0.002 -18"><span class='ocrx_word' id='word_1_68' title='bbox 125 1287 394 1372; x_wconf 79' lang='grc' dir='ltr'><strong><em>(αλατειασμός).</em></strong></span> <span class='ocrx_word' id='word_1_69' title='bbox 417 1326 459 1345; x_wconf 56' lang='grc' dir='ltr'>ψ-</span> <span class='ocrx_word' id='word_1_70' title='bbox 481 1292 602 1372; x_wconf 78' lang='lat' dir='ltr'>Restat,</span> <span class='ocrx_word' id='word_1_71' title='bbox 625 1297 660 1356; x_wconf 90' lang='lat' dir='ltr'>ut</span> <span class='ocrx_word' id='word_1_72' title='bbox 681 1310 882 1374; x_wconf 88' lang='lat' dir='ltr'>quaeramus,</span> <span class='ocrx_word' id='word_1_73' title='bbox 906 1291 992 1359; x_wconf 91' lang='lat' dir='ltr'>unde</span> <span class='ocrx_word' id='word_1_74' title='bbox 1013 1293 1119 1358; x_wconf 89' lang='lat' dir='ltr'>aditus</span> <span class='ocrx_word' id='word_1_75' title='bbox 1141 1297 1251 1358; x_wconf 89' lang='lat' dir='ltr'>nostro</span> 
     </span>
     <span class='ocr_line' id='line_1_10' title="bbox 125 1386 1253 1474; baseline 0 -19"><span class='ocrx_word' id='word_1_76' title='bbox 125 1395 243 1474; x_wconf 85' lang='lat' dir='ltr'>poetae</span> <span class='ocrx_word' id='word_1_77' title='bbox 272 1387 367 1453; x_wconf 87' lang='lat' dir='ltr'>luerit</span> <span class='ocrx_word' id='word_1_78' title='bbox 394 1386 437 1454; x_wconf 93' lang='lat' dir='ltr'>ad</span> <span class='ocrx_word' id='word_1_79' title='bbox 459 1388 649 1454; x_wconf 82' lang='lat' dir='ltr'>Asianorum</span> <span class='ocrx_word' id='word_1_80' title='bbox 673 1387 854 1456; x_wconf 85' lang='lat' dir='ltr'>dialectum.</span> <span class='ocrx_word' id='word_1_81' title='bbox 899 1392 989 1456; x_wconf 88' lang='lat' dir='ltr'>Duas</span> <span class='ocrx_word' id='word_1_82' title='bbox 1012 1390 1188 1458; x_wconf 84' lang='lat' dir='ltr'>sententias</span> <span class='ocrx_word' id='word_1_83' title='bbox 1211 1388 1253 1455; x_wconf 92' lang='lat' dir='ltr'>de</span> 
     </span>
     <span class='ocr_line' id='line_1_11' title="bbox 125 1484 1252 1571; baseline -0.001 -19"><span class='ocrx_word' id='word_1_84' title='bbox 125 1488 187 1553; x_wconf 89' lang='lat' dir='ltr'>hac</span> <span class='ocrx_word' id='word_1_85' title='bbox 208 1506 245 1553; x_wconf 91' lang='lat' dir='ltr'>re</span> <span class='ocrx_word' id='word_1_86' title='bbox 267 1485 408 1570; x_wconf 85' lang='lat' dir='ltr'>prolatas</span> <span class='ocrx_word' id='word_1_87' title='bbox 430 1505 502 1553; x_wconf 87' lang='lat' dir='ltr'>esso</span> <span class='ocrx_word' id='word_1_88' title='bbox 523 1484 636 1571; x_wconf 85' lang='lat' dir='ltr'>video;</span> <span class='ocrx_word' id='word_1_89' title='bbox 659 1487 712 1570; x_wconf 92' lang='lat' dir='ltr'>qui</span> <span class='ocrx_word' id='word_1_90' title='bbox 734 1487 885 1553; x_wconf 87' lang='lat' dir='ltr'>Lesbium</span> <span class='ocrx_word' id='word_1_91' title='bbox 909 1485 1096 1554; x_wconf 81' lang='lat' dir='ltr'>Alcmanem</span> <span class='ocrx_word' id='word_1_92' title='bbox 1119 1488 1252 1567; x_wconf 89' lang='lat' dir='ltr'>habent,</span> 
     </span>
     <span class='ocr_line' id='line_1_12' title="bbox 125 1583 1253 1670; baseline -0.003 -19"><span class='ocrx_word' id='word_1_93' title='bbox 125 1585 148 1651; x_wconf 93' lang='lat' dir='ltr'>ii</span> <span class='ocrx_word' id='word_1_94' title='bbox 164 1583 254 1650; x_wconf 89' lang='lat' dir='ltr'>dubii</span> <span class='ocrx_word' id='word_1_95' title='bbox 277 1602 348 1650; x_wconf 86' lang='lat' dir='ltr'>esse</span> <span class='ocrx_word' id='word_1_96' title='bbox 363 1603 428 1648; x_wconf 89' lang='lat' dir='ltr'>non</span> <span class='ocrx_word' id='word_1_97' title='bbox 451 1590 595 1667; x_wconf 80' lang='lat' dir='ltr'>possunt,</span> <span class='ocrx_word' id='word_1_98' title='bbox 618 1585 695 1668; x_wconf 89' lang='lat' dir='ltr'>quid</span> <span class='ocrx_word' id='word_1_99' title='bbox 710 1583 752 1650; x_wconf 91' lang='lat' dir='ltr'>ad</span> <span class='ocrx_word' id='word_1_100' title='bbox 776 1585 860 1650; x_wconf 86' lang='lat' dir='ltr'>banc</span> <span class='ocrx_word' id='word_1_101' title='bbox 880 1586 1099 1668; x_wconf 86' lang='lat' dir='ltr'>quaestionem</span> <span class='ocrx_word' id='word_1_102' title='bbox 1123 1605 1253 1670; x_wconf 88' lang='lat' dir='ltr'>respon-</span> 
     </span>
     <span class='ocr_line' id='line_1_13' title="bbox 127 1678 1252 1764; baseline 0 -18"><span class='ocrx_word' id='word_1_103' title='bbox 127 1681 236 1748; x_wconf 91' lang='lat' dir='ltr'>deant.</span> <span class='ocrx_word' id='word_1_104' title='bbox 282 1678 403 1747; x_wconf 84' lang='lat' dir='ltr'>Olemm</span> <span class='ocrx_word' id='word_1_105' title='bbox 426 1680 523 1764; x_wconf 83' lang='lat' dir='ltr'>igitur</span> <span class='ocrx_word' id='word_1_106' title='bbox 545 1680 629 1748; x_wconf 90' lang='lat' dir='ltr'>stud.</span> <span class='ocrx_word' id='word_1_107' title='bbox 652 1682 700 1746; x_wconf 90' lang='lat' dir='ltr'>lX</span> <span class='ocrx_word' id='word_1_108' title='bbox 722 1685 784 1746; x_wconf 81' lang='grc'>449</span> <span class='ocrx_word' id='word_1_109' title='bbox 807 1682 869 1747; x_wconf 88' lang='lat' dir='ltr'>ait:</span> <span class='ocrx_word' id='word_1_110' title='bbox 906 1683 1062 1759; x_wconf 83' lang='lat' dir='ltr'>,Alcman</span> <span class='ocrx_word' id='word_1_111' title='bbox 1085 1684 1143 1748; x_wconf 86' lang='lat' dir='ltr'>bat</span> <span class='ocrx_word' id='word_1_112' title='bbox 1164 1683 1252 1760; x_wconf 89' lang='lat' dir='ltr'>aber,</span> 
     </span>
     <span class='ocr_line' id='line_1_14' title="bbox 127 1778 1254 1860; baseline -0.004 -13"><span class='ocrx_word' id='word_1_113' title='bbox 127 1799 194 1847; x_wconf 85' lang='lat' dir='ltr'>was</span> <span class='ocrx_word' id='word_1_114' title='bbox 217 1797 295 1844; x_wconf 86' lang='lat' dir='ltr'>man</span> <span class='ocrx_word' id='word_1_115' title='bbox 317 1779 370 1845; x_wconf 90' lang='lat' dir='ltr'>bei</span> <span class='ocrx_word' id='word_1_116' title='bbox 390 1780 458 1845; x_wconf 75' lang='lat' dir='ltr'>ilum</span> <span class='ocrx_word' id='word_1_117' title='bbox 481 1778 602 1845; x_wconf 80' lang='lat' dir='ltr'>aoiisch</span> <span class='ocrx_word' id='word_1_118' title='bbox 625 1797 755 1845; x_wconf 89' lang='lat' dir='ltr'>nennen</span> <span class='ocrx_word' id='word_1_119' title='bbox 779 1778 864 1860; x_wconf 88' lang='lat' dir='ltr'>dari,</span> <span class='ocrx_word' id='word_1_120' title='bbox 892 1799 950 1845; x_wconf 88' lang='lat' dir='ltr'>aus</span> <span class='ocrx_word' id='word_1_121' title='bbox 972 1779 1162 1846; x_wconf 87' lang='lat' dir='ltr'>Kleinasien</span> <span class='ocrx_word' id='word_1_122' title='bbox 1184 1779 1254 1842; x_wconf 90' lang='lat' dir='ltr'>mit·</span> 
     </span>
    </p>
   </div>
   <div class='ocr_carea' id='block_1_5' title="bbox 34 1876 1254 1962">
    <p class='ocr_par' dir='ltr' id='par_1_5' title="bbox 34 1876 1254 1962">
     <span class='ocr_line' id='line_1_15' title="bbox 34 1876 1254 1962; baseline -0.004 -18"><span class='ocrx_word' id='word_1_123' title='bbox 34 1899 39 1904; x_wconf 93' lang='lat'>·</span> <span class='ocrx_word' id='word_1_124' title='bbox 127 1878 314 1962; x_wconf 85' lang='lat' dir='ltr'>gebracht.“</span> <span class='ocrx_word' id='word_1_125' title='bbox 352 1877 394 1942; x_wconf 81' lang='lat' dir='ltr'>At</span> <span class='ocrx_word' id='word_1_126' title='bbox 412 1877 481 1961; x_wconf 92' lang='lat' dir='ltr'>jam</span> <span class='ocrx_word' id='word_1_127' title='bbox 498 1895 596 1960; x_wconf 90' lang='lat' dir='ltr'>supra</span> <span class='ocrx_word' id='word_1_128' title='bbox 611 1876 799 1959; x_wconf 89' lang='lat' dir='ltr'>monuimus,</span> <span class='ocrx_word' id='word_1_129' title='bbox 823 1877 914 1944; x_wconf 90' lang='lat' dir='ltr'>illam</span> <span class='ocrx_word' id='word_1_130' title='bbox 928 1877 1066 1943; x_wconf 83' lang='lat' dir='ltr'>virorum</span> <span class='ocrx_word' id='word_1_131' title='bbox 1090 1876 1254 1942; x_wconf 91' lang='lat' dir='ltr'>doctorum</span> 
     </span>
    </p>
   </div>
   <div class='ocr_carea' id='block_1_6' title="bbox 105 1972 1325 3035">
    <p class='ocr_par' dir='ltr' id='par_1_6' title="bbox 105 1972 1325 3035">
     <span class='ocr_line' id='line_1_16' title="bbox 128 1972 1255 2059; baseline -0.004 -17"><span class='ocrx_word' id='word_1_132' title='bbox 128 1975 346 2059; x_wconf 80' lang='lat' dir='ltr'>conjecturam</span> <span class='ocrx_word' id='word_1_133' title='bbox 368 1975 463 2042; x_wconf 89' lang='lat' dir='ltr'>certis</span> <span class='ocrx_word' id='word_1_134' title='bbox 478 1974 582 2041; x_wconf 88' lang='lat' dir='ltr'>causis</span> <span class='ocrx_word' id='word_1_135' title='bbox 604 1991 722 2040; x_wconf 87' lang='lat' dir='ltr'>carere.</span> <span class='ocrx_word' id='word_1_136' title='bbox 753 1974 865 2057; x_wconf 85' lang='lat' dir='ltr'>ltaque</span> <span class='ocrx_word' id='word_1_137' title='bbox 880 1975 1003 2041; x_wconf 88' lang='lat' dir='ltr'>cautius</span> <span class='ocrx_word' id='word_1_138' title='bbox 1024 1975 1102 2040; x_wconf 94' lang='lat' dir='ltr'>mihi</span> <span class='ocrx_word' id='word_1_139' title='bbox 1125 1972 1255 2058; x_wconf 91' lang='lat' dir='ltr'>quidem</span> 
     </span>
     <span class='ocr_line' id='line_1_17' title="bbox 105 2070 1257 2156; baseline -0.002 -18"><span class='ocrx_word' id='word_1_140' title='bbox 105 2072 258 2156; x_wconf 67' lang='lat' dir='ltr'>¹Abrens</span> <span class='ocrx_word' id='word_1_141' title='bbox 281 2071 447 2155; x_wconf 85' lang='lat' dir='ltr'>judicasse</span> <span class='ocrx_word' id='word_1_142' title='bbox 474 2071 609 2152; x_wconf 88' lang='lat' dir='ltr'>videtur,</span> <span class='ocrx_word' id='word_1_143' title='bbox 641 2070 694 2153; x_wconf 92' lang='lat' dir='ltr'>qni</span> <span class='ocrx_word' id='word_1_144' title='bbox 723 2070 765 2136; x_wconf 90' lang='lat' dir='ltr'>ad</span> <span class='ocrx_word' id='word_1_145' title='bbox 788 2072 969 2156; x_wconf 83' lang='lat' dir='ltr'>Terpandri</span> <span class='ocrx_word' id='word_1_146' title='bbox 991 2072 1100 2140; x_wconf 87' lang='lat' dir='ltr'>Lesbii</span> <span class='ocrx_word' id='word_1_147' title='bbox 1121 2071 1257 2137; x_wconf 88' lang='lat' dir='ltr'>auctori·</span> 
     </span>
     <span class='ocr_line' id='line_1_18' title="bbox 128 2168 1255 2253; baseline -0.003 -18"><span class='ocrx_word' id='word_1_148' title='bbox 128 2174 229 2236; x_wconf 84' lang='lat' dir='ltr'>tatem</span> <span class='ocrx_word' id='word_1_149' title='bbox 251 2169 432 2236; x_wconf 87' lang='lat' dir='ltr'>Aeolismos</span> <span class='ocrx_word' id='word_1_150' title='bbox 460 2168 547 2253; x_wconf 89' lang='lat' dir='ltr'>apud</span> <span class='ocrx_word' id='word_1_151' title='bbox 569 2169 758 2235; x_wconf 84' lang='lat' dir='ltr'>Alcmanem</span> <span class='ocrx_word' id='word_1_152' title='bbox 787 2170 904 2238; x_wconf 83' lang='lat' dir='ltr'>retulit.</span> <span class='ocrx_word' id='word_1_153' title='bbox 949 2171 1033 2236; x_wconf 85' lang='lat' dir='ltr'>Nam</span> <span class='ocrx_word' id='word_1_154' title='bbox 1062 2187 1255 2253; x_wconf 89' lang='lat' dir='ltr'>quamquam</span> 
     </span>
     <span class='ocr_line' id='line_1_19' title="bbox 130 2265 1256 2352; baseline 0 -20"><span class='ocrx_word' id='word_1_155' title='bbox 130 2265 287 2351; x_wconf 86' lang='lat' dir='ltr'>praeclari</span> <span class='ocrx_word' id='word_1_156' title='bbox 309 2267 405 2350; x_wconf 87' lang='lat' dir='ltr'>hujus</span> <span class='ocrx_word' id='word_1_157' title='bbox 427 2267 549 2350; x_wconf 91' lang='lat' dir='ltr'>musici,</span> <span class='ocrx_word' id='word_1_158' title='bbox 572 2267 626 2352; x_wconf 91' lang='lat' dir='ltr'>qui</span> <span class='ocrx_word' id='word_1_159' title='bbox 649 2287 714 2333; x_wconf 93' lang='lat' dir='ltr'>non</span> <span class='ocrx_word' id='word_1_160' title='bbox 731 2268 831 2333; x_wconf 88' lang='lat' dir='ltr'>multo</span> <span class='ocrx_word' id='word_1_161' title='bbox 845 2275 922 2334; x_wconf 90' lang='lat' dir='ltr'>ante</span> <span class='ocrx_word' id='word_1_162' title='bbox 935 2268 1102 2335; x_wconf 80' lang='lat' dir='ltr'>diamanis</span> <span class='ocrx_word' id='word_1_163' title='bbox 1117 2275 1256 2334; x_wconf 87' lang='lat' dir='ltr'>aetatem</span> 
     </span>
     <span class='ocr_line' id='line_1_20' title="bbox 130 2363 1257 2449; baseline 0 -17"><span class='ocrx_word' id='word_1_164' title='bbox 130 2365 268 2448; x_wconf 87' lang='lat' dir='ltr'>Spartae</span> <span class='ocrx_word' id='word_1_165' title='bbox 283 2363 584 2448; x_wconf 78' lang='lat' dir='ltr'>floruitmultosque</span> <span class='ocrx_word' id='word_1_166' title='bbox 599 2365 713 2430; x_wconf 86' lang='lat' dir='ltr'>habuit</span> <span class='ocrx_word' id='word_1_167' title='bbox 728 2365 911 2449; x_wconf 88' lang='lat' dir='ltr'>discipulos,</span> <span class='ocrx_word' id='word_1_168' title='bbox 935 2365 1107 2432; x_wconf 83' lang='lat' dir='ltr'>dialectum</span> <span class='ocrx_word' id='word_1_169' title='bbox 1127 2370 1257 2449; x_wconf 89' lang='lat' dir='ltr'>propter</span> 
     </span>
     <span class='ocr_line' id='line_1_21' title="bbox 130 2460 1256 2548; baseline -0.002 -18"><span class='ocrx_word' id='word_1_170' title='bbox 130 2481 288 2530; x_wconf 92' lang='lat' dir='ltr'>summam</span> <span class='ocrx_word' id='word_1_171' title='bbox 318 2460 567 2546; x_wconf 80' lang='lat' dir='ltr'>fragmentorum</span> <span class='ocrx_word' id='word_1_172' title='bbox 597 2463 789 2546; x_wconf 78' lang='lat' dir='ltr'>paucitatem</span> <span class='ocrx_word' id='word_1_173' title='bbox 819 2471 905 2530; x_wconf 90' lang='lat' dir='ltr'>certo</span> <span class='ocrx_word' id='word_1_174' title='bbox 934 2483 1162 2548; x_wconf 81' lang='lat' dir='ltr'>recognoscere</span> <span class='ocrx_word' id='word_1_175' title='bbox 1191 2483 1256 2528; x_wconf 93' lang='lat' dir='ltr'>non</span> 
     </span>
     <span class='ocr_line' id='line_1_22' title="bbox 131 2560 1314 2646; baseline 0 -22"><span class='ocrx_word' id='word_1_176' title='bbox 131 2575 317 2644; x_wconf 87' lang='lat' dir='ltr'>possumus,</span> <span class='ocrx_word' id='word_1_177' title='bbox 347 2564 454 2626; x_wconf 63' lang='lat' dir='ltr'>emen</span> <span class='ocrx_word' id='word_1_178' title='bbox 477 2560 554 2626; x_wconf 90' lang='lat' dir='ltr'>licet</span> <span class='ocrx_word' id='word_1_179' title='bbox 575 2560 750 2643; x_wconf 89' lang='lat' dir='ltr'>conjicere,</span> <span class='ocrx_word' id='word_1_180' title='bbox 779 2561 813 2625; x_wconf 91' lang='lat' dir='ltr'>in</span> <span class='ocrx_word' id='word_1_181' title='bbox 834 2560 942 2645; x_wconf 84' lang='lat' dir='ltr'>lyricis</span> <span class='ocrx_word' id='word_1_182' title='bbox 969 2561 1162 2628; x_wconf 89' lang='lat' dir='ltr'>carminibus</span> <span class='ocrx_word' id='word_1_183' title='bbox 1185 2580 1258 2628; x_wconf 92' lang='lat' dir='ltr'>eum</span> <span class='ocrx_word' id='word_1_184' title='bbox 1311 2639 1314 2646; x_wconf 25' lang='grc' dir='ltr'>Ι</span> 
     </span>
     <span class='ocr_line' id='line_1_23' title="bbox 131 2656 1258 2742; baseline 0 -18"><span class='ocrx_word' id='word_1_185' title='bbox 131 2657 237 2741; x_wconf 87' lang='lat' dir='ltr'>patria</span> <span class='ocrx_word' id='word_1_186' title='bbox 252 2656 391 2724; x_wconf 86' lang='lat' dir='ltr'>dialecto</span> <span class='ocrx_word' id='word_1_187' title='bbox 407 2658 453 2724; x_wconf 88' lang='lat' dir='ltr'>ita</span> <span class='ocrx_word' id='word_1_188' title='bbox 474 2677 565 2723; x_wconf 89' lang='lat' dir='ltr'>usum</span> <span class='ocrx_word' id='word_1_189' title='bbox 582 2675 662 2739; x_wconf 89' lang='lat' dir='ltr'>esse,</span> <span class='ocrx_word' id='word_1_190' title='bbox 684 2664 720 2722; x_wconf 93' lang='lat' dir='ltr'>ut</span> <span class='ocrx_word' id='word_1_191' title='bbox 733 2657 819 2723; x_wconf 91' lang='lat' dir='ltr'>haud</span> <span class='ocrx_word' id='word_1_192' title='bbox 843 2677 946 2742; x_wconf 91' lang='lat' dir='ltr'>pauca</span> <span class='ocrx_word' id='word_1_193' title='bbox 961 2679 1002 2725; x_wconf 86' lang='lat' dir='ltr'>ex</span> <span class='ocrx_word' id='word_1_194' title='bbox 1018 2659 1179 2742; x_wconf 87' lang='lat' dir='ltr'>epicorum</span> <span class='ocrx_word' id='word_1_195' title='bbox 1198 2677 1258 2724; x_wconf 88' lang='lat' dir='ltr'>usu</span> 
     </span>
     <span class='ocr_line' id='line_1_24' title="bbox 131 2754 1325 2842; baseline -0.001 -22"><span class='ocrx_word' id='word_1_196' title='bbox 131 2754 340 2842; x_wconf 78' lang='lat' dir='ltr'>admisceret3</span> <span class='ocrx_word' id='word_1_197' title='bbox 363 2754 450 2822; x_wconf 91' lang='lat' dir='ltr'>unde</span> <span class='ocrx_word' id='word_1_198' title='bbox 465 2756 517 2823; x_wconf 88' lang='lat' dir='ltr'>vel</span> <span class='ocrx_word' id='word_1_199' title='bbox 533 2755 566 2822; x_wconf 95' lang='lat' dir='ltr'>in</span> <span class='ocrx_word' id='word_1_200' title='bbox 584 2754 754 2839; x_wconf 89' lang='lat' dir='ltr'>popularia</span> <span class='ocrx_word' id='word_1_201' title='bbox 767 2755 931 2820; x_wconf 90' lang='lat' dir='ltr'>Laconum</span> <span class='ocrx_word' id='word_1_202' title='bbox 947 2756 1089 2822; x_wconf 91' lang='lat' dir='ltr'>carmina</span> <span class='ocrx_word' id='word_1_203' title='bbox 1103 2755 1258 2822; x_wconf 86' lang='lat' dir='ltr'>Aeolismi</span> <span class='ocrx_word' id='word_1_204' title='bbox 1323 2833 1325 2838; x_wconf 67' lang='lat'>,</span> 
     </span>
     <span class='ocr_line' id='line_1_25' title="bbox 132 2843 1259 2938; baseline -0.002 -18"><span class='ocrx_word' id='word_1_205' title='bbox 132 2852 263 2938; x_wconf 88' lang='lat' dir='ltr'>quidam</span> <span class='ocrx_word' id='word_1_206' title='bbox 286 2871 437 2918; x_wconf 88' lang='lat' dir='ltr'>manasse</span> <span class='ocrx_word' id='word_1_207' title='bbox 458 2843 617 2933; x_wconf 73' lang='lat' dir='ltr'>uidentur,</span> <span class='ocrx_word' id='word_1_208' title='bbox 646 2853 741 2934; x_wconf 89' lang='lat' dir='ltr'>quale</span> <span class='ocrx_word' id='word_1_209' title='bbox 771 2860 820 2919; x_wconf 88' lang='lat' dir='ltr'>cst</span> <span class='ocrx_word' id='word_1_210' title='bbox 848 2848 1016 2937; x_wconf 78' lang='grc' dir='ltr'><em>αὐγάσδεο</em></span> <span class='ocrx_word' id='word_1_211' title='bbox 1040 2853 1074 2918; x_wconf 91' lang='lat' dir='ltr'>in</span> <span class='ocrx_word' id='word_1_212' title='bbox 1096 2854 1259 2920; x_wconf 84' lang='lat' dir='ltr'>cantilena</span> 
     </span>
     <span class='ocr_line' id='line_1_26' title="bbox 127 2971 296 3035; baseline -0.018 -18"><span class='ocrx_word' id='word_1_213' title='bbox 127 2971 296 3035; x_wconf 85' lang='lat' dir='ltr'>Juvenum.</span> 
     </span>
    </p>
   </div>
   <div class='ocr_carea' id='block_1_7' title="bbox 134 3187 1262 3353">
    <p class='ocr_par' dir='ltr' id='par_1_7' title="bbox 134 3187 1262 3353">
     <span class='ocr_line' id='line_1_27' title="bbox 134 3187 1262 3272; baseline 0.002 -19"><span class='ocrx_word' id='word_1_214' title='bbox 134 3192 228 3271; x_wconf 76' lang='lat' dir='ltr'>§nc</span> <span class='ocrx_word' id='word_1_215' title='bbox 274 3189 331 3254; x_wconf 91' lang='lat' dir='ltr'>De</span> <span class='ocrx_word' id='word_1_216' title='bbox 362 3187 503 3272; x_wconf 83' lang='lat' dir='ltr'>opicae</span> <span class='ocrx_word' id='word_1_217' title='bbox 531 3187 702 3253; x_wconf 88' lang='lat' dir='ltr'>dialecti</span> <span class='ocrx_word' id='word_1_218' title='bbox 724 3188 967 3256; x_wconf 89' lang='lat' dir='ltr'>condicione</span> <span class='ocrx_word' id='word_1_219' title='bbox 988 3191 1028 3255; x_wconf 93' lang='lat' dir='ltr'>in</span> <span class='ocrx_word' id='word_1_220' title='bbox 1050 3190 1262 3256; x_wconf 84' lang='lat' dir='ltr'>Alcmanis</span> 
     </span>
     <span class='ocr_line' id='line_1_28' title="bbox 572 3287 831 3353; baseline 0.012 -3"><span class='ocrx_word' id='word_1_221' title='bbox 572 3287 831 3353; x_wconf 88' lang='lat' dir='ltr'>carminibus.</span> 
     </span>
    </p>
   </div>
   <div class='ocr_carea' id='block_1_8' title="bbox 136 3432 1264 4104">
    <p class='ocr_par' dir='ltr' id='par_1_8' title="bbox 136 3432 1264 4104">
     <span class='ocr_line' id='line_1_29' title="bbox 221 3432 1261 3500; baseline -0.004 0"><span class='ocrx_word' id='word_1_222' title='bbox 221 3433 275 3500; x_wconf 86' lang='lat' dir='ltr'>Ad</span> <span class='ocrx_word' id='word_1_223' title='bbox 291 3432 420 3499; x_wconf 90' lang='lat' dir='ltr'>Homeri</span> <span class='ocrx_word' id='word_1_224' title='bbox 443 3433 653 3499; x_wconf 88' lang='lat' dir='ltr'>imitationem</span> <span class='ocrx_word' id='word_1_225' title='bbox 676 3435 736 3500; x_wconf 89' lang='lat' dir='ltr'>bas</span> <span class='ocrx_word' id='word_1_226' title='bbox 751 3451 847 3499; x_wconf 83' lang='lat' dir='ltr'>voces</span> <span class='ocrx_word' id='word_1_227' title='bbox 868 3433 1068 3498; x_wconf 88' lang='lat' dir='ltr'>reduximus:</span> <span class='ocrx_word' id='word_1_228' title='bbox 1091 3432 1261 3498; x_wconf 89' lang='lat' dir='ltr'>verborum</span> 
     </span>
     <span class='ocr_line' id='line_1_30' title="bbox 136 3529 1263 3615; baseline -0.002 -17"><span class='ocrx_word' id='word_1_229' title='bbox 136 3533 255 3598; x_wconf 84' lang='lat' dir='ltr'>formas</span> <span class='ocrx_word' id='word_1_230' title='bbox 288 3538 416 3615; x_wconf 88' lang='lat' dir='ltr'>praeter</span> <span class='ocrx_word' id='word_1_231' title='bbox 448 3551 539 3597; x_wconf 92' lang='lat' dir='ltr'>usum</span> <span class='ocrx_word' id='word_1_232' title='bbox 573 3529 793 3613; x_wconf 89' lang='lat' dir='ltr'>quotidianum</span> <span class='ocrx_word' id='word_1_233' title='bbox 826 3536 1043 3612; x_wconf 85' lang='lat' dir='ltr'>augmento</span> <span class='ocrx_word' id='word_1_234' title='bbox 1075 3534 1263 3596; x_wconf 88' lang='lat' dir='ltr'>carentes</span> 
     </span>
     <span class='ocr_line' id='line_1_31' title="bbox 137 3623 1263 3714; baseline -0.001 -20"><span class='ocrx_word' id='word_1_235' title='bbox 137 3632 167 3710; x_wconf 64' lang='grc' dir='ltr'>(ξ</span> <span class='ocrx_word' id='word_1_236' title='bbox 182 3633 248 3712; x_wconf 84' lang='grc'>17);</span> <span class='ocrx_word' id='word_1_237' title='bbox 270 3623 319 3714; x_wconf 78' lang='grc' dir='ltr'>ἠὺ·</span> <span class='ocrx_word' id='word_1_238' title='bbox 333 3627 372 3692; x_wconf 88' lang='lat' dir='ltr'>fr.</span> <span class='ocrx_word' id='word_1_239' title='bbox 385 3631 425 3694; x_wconf 85' lang='lat'>33</span> <span class='ocrx_word' id='word_1_240' title='bbox 440 3629 646 3696; x_wconf 87' lang='lat' dir='ltr'>verisimilem</span> <span class='ocrx_word' id='word_1_241' title='bbox 662 3627 878 3711; x_wconf 88' lang='lat' dir='ltr'>conjecturam</span> <span class='ocrx_word' id='word_1_242' title='bbox 893 3647 951 3712; x_wconf 90' lang='lat' dir='ltr'>pro</span> <span class='ocrx_word' id='word_1_243' title='bbox 966 3625 1109 3692; x_wconf 89' lang='lat' dir='ltr'>codicum</span> <span class='ocrx_word' id='word_1_244' title='bbox 1125 3627 1263 3693; x_wconf 90' lang='lat' dir='ltr'>lectione</span> 
     </span>
     <span class='ocr_line' id='line_1_32' title="bbox 139 3723 1262 3814; baseline -0.004 -21"><span class='ocrx_word' id='word_1_245' title='bbox 139 3723 195 3811; x_wconf 70' lang='lat'>0133</span> <span class='ocrx_word' id='word_1_246' title='bbox 221 3723 393 3814; x_wconf 77' lang='grc' dir='ltr'><strong><em>Ἀρήῑας</em></strong></span> <span class='ocrx_word' id='word_1_247' title='bbox 420 3747 496 3810; x_wconf 90' lang='lat' dir='ltr'>pap.</span> <span class='ocrx_word' id='word_1_248' title='bbox 523 3731 549 3792; x_wconf 91' lang='grc'>1.</span> <span class='ocrx_word' id='word_1_249' title='bbox 573 3729 610 3809; x_wconf 79' lang='lat'>63</span> <span class='ocrx_word' id='word_1_250' title='bbox 640 3724 787 3809; x_wconf 79' lang='grc' dir='ltr'><strong><em>α’ίαρος</em></strong></span> <span class='ocrx_word' id='word_1_251' title='bbox 808 3725 846 3790; x_wconf 86' lang='lat' dir='ltr'>fr.</span> <span class='ocrx_word' id='word_1_252' title='bbox 869 3729 920 3791; x_wconf 82' lang='grc'>26.</span> <span class='ocrx_word' id='word_1_253' title='bbox 944 3729 964 3788; x_wconf 93' lang='grc'>4</span> <span class='ocrx_word' id='word_1_254' title='bbox 986 3723 1119 3788; x_wconf 88' lang='lat' dir='ltr'>formam</span> <span class='ocrx_word' id='word_1_255' title='bbox 1142 3743 1162 3788; x_wconf 89' lang='lat' dir='ltr'>a</span> <span class='ocrx_word' id='word_1_256' title='bbox 1184 3743 1262 3788; x_wconf 92' lang='lat' dir='ltr'>non-</span> 
     </span>
     <span class='ocr_line' id='line_1_33' title="bbox 137 3819 1264 3908; baseline -0.004 -20"><span class='ocrx_word' id='word_1_257' title='bbox 137 3822 238 3889; x_wconf 91' lang='lat' dir='ltr'>nullis</span> <span class='ocrx_word' id='word_1_258' title='bbox 264 3823 298 3888; x_wconf 93' lang='lat' dir='ltr'>in</span> <span class='ocrx_word' id='word_1_259' title='bbox 328 3822 560 3890; x_wconf 89' lang='lat' dir='ltr'>dubitationem</span> <span class='ocrx_word' id='word_1_260' title='bbox 590 3828 754 3908; x_wconf 79' lang='lat' dir='ltr'>vocatam3</span> <span class='ocrx_word' id='word_1_261' title='bbox 784 3822 1052 3905; x_wconf 79' lang='grc' dir='ltr'><strong><em>αολαμμελὲς</em></strong></span> <span class='ocrx_word' id='word_1_262' title='bbox 1074 3822 1111 3886; x_wconf 88' lang='lat' dir='ltr'>ir.</span> <span class='ocrx_word' id='word_1_263' title='bbox 1137 3826 1171 3903; x_wconf 89' lang='lat' dir='ltr'>l;</span> <span class='ocrx_word' id='word_1_264' title='bbox 1202 3819 1264 3886; x_wconf 81' lang='grc' dir='ltr'>εἱ-</span> 
     </span>
     <span class='ocr_line' id='line_1_34' title="bbox 138 3916 1263 4009; baseline -0.002 -23"><span class='ocrx_word' id='word_1_265' title='bbox 138 3925 243 4003; x_wconf 77' lang='grc' dir='ltr'><strong><em>μένα</em></strong></span> <span class='ocrx_word' id='word_1_266' title='bbox 264 3920 302 3986; x_wconf 89' lang='lat' dir='ltr'>ir.</span> <span class='ocrx_word' id='word_1_267' title='bbox 326 3923 383 4003; x_wconf 75' lang='lat'>963</span> <span class='ocrx_word' id='word_1_268' title='bbox 409 3920 621 4009; x_wconf 80' lang='grc' dir='ltr'><strong><em>βροτήσια</em></strong></span> <span class='ocrx_word' id='word_1_269' title='bbox 643 3921 681 3986; x_wconf 86' lang='lat' dir='ltr'>fr.</span> <span class='ocrx_word' id='word_1_270' title='bbox 704 3925 761 4004; x_wconf 76' lang='lat'>423</span> <span class='ocrx_word' id='word_1_271' title='bbox 791 3916 1029 4005; x_wconf 78' lang='grc' dir='ltr'><strong><em>ἀμβροσίαν</em></strong></span> <span class='ocrx_word' id='word_1_272' title='bbox 1051 3939 1127 4002; x_wconf 90' lang='lat' dir='ltr'>pap.</span> <span class='ocrx_word' id='word_1_273' title='bbox 1149 3923 1180 3983; x_wconf 80' lang='lat'>2.</span> <span class='ocrx_word' id='word_1_274' title='bbox 1204 3922 1263 4003; x_wconf 79' lang='lat'>283</span> 
     </span>
     <span class='ocr_line' id='line_1_35' title="bbox 139 4013 1264 4104; baseline -0.002 -22"><span class='ocrx_word' id='word_1_275' title='bbox 139 4022 401 4104; x_wconf 79' lang='grc' dir='ltr'><strong><em>βωτιανείρῃ</em></strong></span> <span class='ocrx_word' id='word_1_276' title='bbox 418 4019 456 4084; x_wconf 86' lang='lat' dir='ltr'>ir.</span> <span class='ocrx_word' id='word_1_277' title='bbox 472 4023 530 4102; x_wconf 79' lang='lat'>403</span> <span class='ocrx_word' id='word_1_278' title='bbox 549 4015 760 4101; x_wconf 66' lang='grc' dir='ltr'><em>Ἀλκμάων</em></span> <span class='ocrx_word' id='word_1_279' title='bbox 782 4018 820 4092; x_wconf 83' lang='lat' dir='ltr'>ir.</span> <span class='ocrx_word' id='word_1_280' title='bbox 837 4021 893 4101; x_wconf 79' lang='lat'>713</span> <span class='ocrx_word' id='word_1_281' title='bbox 917 4013 1132 4102; x_wconf 84' lang='grc' dir='ltr'><strong><em>ὠρανίαφι</em></strong></span> <span class='ocrx_word' id='word_1_282' title='bbox 1153 4016 1190 4083; x_wconf 84' lang='lat' dir='ltr'>ir.</span> <span class='ocrx_word' id='word_1_283' title='bbox 1208 4019 1264 4100; x_wconf 75' lang='lat'>593</span> 
     </span>
    </p>
   </div>
   <div class='ocr_carea' id='block_1_9' title="bbox 0 0 1522 4864">
    <p class='ocr_par' dir='ltr' id='par_1_9' title="bbox 0 0 1522 4864">
     <span class='ocr_line' id='line_1_36' title="bbox 0 0 1522 4864; baseline 0 0"><span class='ocrx_word' id='word_1_284' title='bbox 0 0 1522 4864; x_wconf 95' lang='lat' dir='ltr'> </span> 
     </span>
    </p>
   </div>
  </div>
 </body>
</html>
