2968 4866
216 422 278 482 294
598 402 601 408 ¹
650 471 654 476 .
717 416 852 474 Schrader

219 620 330 674 κοντα,
357 590 530 661 διακόσιοι
552 611 609 674 pro
633 586 804 654 διακόσιοι
826 595 885 654 eto.
931 586 1058 654 Deinde
1080 608 1146 654 non
1168 588 1263 671 parvi
1285 607 1348 654 mo·

216 695 317 763 menti
338 690 531 759 recentiores
553 688 754 771 Delphorum
775 687 860 752 tituli
881 685 1010 763 (W.·F.)
1033 692 1121 768 sunt,
1150 705 1224 752 oum
1247 693 1349 753 osten·

217 793 313 875 dant,
336 809 399 874 quo
421 786 516 854 modo
537 786 710 870 seriptores
731 801 830 866 saepe
852 783 886 850 in
910 802 975 848 una
991 790 1088 866 atque
1110 783 1227 850 eadem
1249 785 1349 851 forma

219 891 329 957 dorioa
343 894 376 955 et
397 885 495 953 attiea
517 884 717 965 miscuerint3
741 881 831 947 velut
852 879 936 947 foed.
960 882 1078 965 Amph.
1102 882 1136 948 O.
1152 883 1179 946 Ι.
1202 901 1252 964 gr.
1271 885 1348 949 1688

218 989 356 1074 priseam
378 986 513 1052 formam
535 985 670 1064 τέτορες
691 979 835 1064 praebet,
858 978 942 1044 tituli
964 978 1065 1044 W.-F.
1081 979 1255 1046 exhibent:
1278 977 1350 1046 τέσ-

209 1109 323 1172 σαρες
338 1102 446 1168 saepe,
469 1081 520 1147 bis
537 1083 706 1162 τέτταρες,
728 1078 830 1143 semel
852 1081 1001 1159 τέτορες.
1030 1076 1070 1143 oi.
1086 1077 1215 1144 Curtius
1230 1079 1304 1144 Ber.
1316 1078 1349 1144 (1,

219 1183 325 1251 anons.
349 1182 425 1248 (ies.
447 1179 528 1246 XVI
550 1181 624 1243 217.

304 1277 508 1346 Herodianus
536 1273 666 1358 quidem
689 1272 753 1337 vit.
776 1271 869 1338 Hom.
898 1290 926 1337 e.
949 1274 1006 1336 37:
1044 1272 1101 1336 καὶ
1123 1269 1206 1355 γὰρ,
1238 1273 1350 1356 inquit,

222 1374 445 1459 ὀνομάζουσιν
461 1372 607 1450 Αἰολεῖς
629 1370 668 1436 τὸ
684 1373 783 1436 πέντε
799 1372 930 1451 πέμπτας
952 1388 1039 1434 nune
1054 1369 1172 1452 legitur
1187 1375 1306 1453 πέμπε
1319 1373 1351 1438 in

221 1474 299 1540 dial.
311 1495 398 1558 cypr.
410 1473 449 1539 cf.
461 1472 601 1538 Id.bil.2
618 1464 868 1551 πεμπαμέρων;
885 1472 1054 1550 praeterea
1068 1467 1186 1550 ubique
1202 1469 1237 1535 in
1252 1470 1352 1536 titulis
1463 1557 1464 1564 ἵ

221 1569 323 1638 πέντε
347 1577 462 1638 exstat.
498 1569 623 1650 Pariter
645 1565 798 1632 boeotiois
820 1562 971 1648 missaper
994 1562 1089 1630 Oroh.
1115 1569 1226 1649 15693
1252 1571 1293 1634 38
1324 1575 1352 1634 et

101 1741 106 1748 ,
221 1667 477 1754 πετταράκοντα
495 1668 538 1732 ib.
556 1671 593 1731 51
618 1664 762 1747 exeeptis
786 1662 982 1739 (Beermann
996 1661 1046 1727 IX
1062 1664 1115 1738 63)
1138 1684 1300 1749 nusquam
1320 1667 1351 1731 in

222 1768 354 1835 aeoliois
376 1766 476 1832 titulis
491 1769 634 1847 πίσυρες
648 1762 778 1843 (Hom),
802 1757 974 1844 πέσσνρες
988 1759 1090 1838 (Hes.)
1110 1781 1170 1845 pro
1187 1761 1351 1848 τέσσαρες

223 1865 391 1947 reperitur.
415 1899 457 1911 -

307 1960 373 2028 Sed
396 1961 476 2028 satis
498 1959 540 2025 de
561 1955 729 2040 exemplis.
770 1951 856 2031 Quid
878 1953 999 2036 igitur?
1021 1957 1175 2040 Reliquas
1197 1957 1352 2027 dialeetos
1465 2031 1466 2044 ρ

132 2094 135 2102 =
223 2063 347 2124 mature
373 2058 417 2122 ab
443 2056 578 2123 Atthide
605 2051 818 2120 numeralium
847 2050 967 2117 formas
997 2054 1159 2138 reeepisse
1192 2058 1351 2139 eoneedia

224 2155 285 2222 hoo
306 2155 410 2239 ipsum
434 2154 477 2219 ad
493 2178 512 2239 η
530 2171 571 2218 ex
586 2151 608 2214 ἆ
621 2148 823 2226 eifioiendum
845 2149 879 2214 in
901 2151 1121 2218 numeralibus
1142 2153 1178 2218 in
1199 2178 1349 2241 -ηκοντα,

224 2273 387 2338 -ηκοστος
408 2249 532 2334 aliquid
553 2249 696 2332 potuisse
717 2246 878 2332 negabis?

310 2348 439 2416 Soilioet
470 2369 533 2430 quo
565 2353 710 2429 tempore
741 2345 883 2412 Atthidis
916 2345 974 2411 illa
1007 2346 1069 2412 hae
1103 2347 1137 2412 in
1170 2368 1207 2415 re
1243 2350 1293 2416 vis
1323 2356 1352 2416 et

224 2445 398 2514 auotoritas
419 2446 530 2512 valere
552 2444 702 2528 eoeperit,
728 2444 762 2508 in
784 2437 919 2509 fontium
942 2444 1078 2527 penuria
1099 2443 1270 2514 diiudicari
1292 2468 1351 2513 nou

225 2548 340 2628 potest.
377 2543 578 2625 Quamquam
600 2562 666 2607 non
691 2539 811 2622 dubito,
835 2541 911 2624 quin
933 2540 1123 2608 dorieaillu
1142 2543 1350 2628 τοτρώκοντο

226 2648 258 2706 et
281 2636 475 2725 ὀγδώκοντα
497 2642 604 2724 potius
627 2659 668 2706 ex
689 2624 940 2720 *τετροοΐκοντα
968 2643 1022 2717 (ex
1044 2637 1210 2725 *τέτροος
1239 2643 1279 2708 oi.
1300 2667 1350 2710 τε·

224 2734 370 2822 τρά-κις,
386 2737 620 2824 τετρά-πλονς,
637 2737 691 2802 lai.
708 2736 926 2821 quadruplata,
944 2735 1133 2821 quadrupes)
1154 2746 1186 2806 et
1200 2736 1221 2780 *
1230 2729 1348 2824 ὀγδοά-

220 2859 329 2900 κοντα
342 2857 448 2920 Ισιισῐιι
470 2857 511 2902 ex
532 2832 799 2918 *τετροήκοντα,
823 2829 1031 2919 ὀγδοήκοντα
1053 2842 1218 2904 eontracta
1239 2839 1311 2904 sint

562 3077 600 3132 Β.
644 3075 689 3131 lie
710 3076 817 3132 lormls
839 3077 1024 3134 uerhallbus.

745 3208 766 3286 e
791 3211 838 3269 ro.

313 3325 487 3408 Postquam
502 3323 543 3389 de
565 3323 794 3388 nominibus
817 3326 1031 3408 exposuimus,
1054 3347 1140 3392 nune
1156 3328 1197 3395 de
1213 3329 1348 3396 verba·

228 3423 338 3490 libus
360 3423 501 3492 formis
524 3446 543 3508 η
567 3422 794 3488 exhibentibus
815 3422 916 3488 verba
932 3422 1082 3494 facienda
1100 3433 1184 3492 sunt
1215 3427 1347 3492 Primum

227 3527 335 3587 autem
361 3540 434 3587 eam
461 3521 583 3586 vooalis
605 3544 625 3604 η
649 3518 788 3601 speeiem
810 3526 948 3607 trautare
976 3522 1088 3605 lineat,
1118 3542 1202 3607 quae
1230 3524 1265 3590 in
1291 3524 1348 3608 syl·
1464 3561 1468 3624 Ι

228 3618 312 3684 labis
339 3618 555 3701 augmentatis
583 3620 753 3685 verborum
780 3621 925 3686 voealem
951 3620 986 3684 in
1007 3620 1112 3686 lronte
1134 3622 1347 3688 exhibentium

229 3716 376 3782 oernitur.
423 3717 583 3799 Exempla
610 3724 699 3782 sunt:
736 3713 868 3802 ἤρχετο,
896 3707 1010 3801 ἧνθεν,
1041 3714 1174 3805 ἤριπεν,
1205 3715 1346 3806 ἠράσθη,

229 3799 305 3896 ἦχεν
321 3820 381 3878 ete.
405 3837 412 3877 ε
436 3809 575 3894 belona,
598 3809 738 3894 ἄκουσα,
761 3811 888 3896 ἄκμαζε
905 3837 912 3879 :
928 3812 1047 3896 ὤμοσα
1070 3821 1129 3880 ete.

315 3910 362 3974 Ao
384 3910 521 3992 primum
539 3910 603 3976 diei
619 3911 725 3994 debet,
746 3913 897 3979 Ahrensii
918 3914 976 3978 illa
995 3912 1037 3978 de
1058 3912 1120 3979 hae
1135 3932 1169 3979 re
1185 3914 1345 3991 sententia,

230 4023 294 4084 qua
320 4007 466 4097 vocalem
486 4033 507 4093 η
529 4007 579 4073 his
607 4009 640 4072 in
669 4009 778 4076 formis
805 4011 852 4076 ita
873 4013 1043 4095 explanet,
1074 4017 1109 4076 nt
1136 4009 1345 4094 augmentivi
