2916 4872
502 435 623 494 Schedao
640 438 841 505 grammaticae.
1196 435 1235 495 75

107 611 146 686 ιτ(
163 605 359 691 lli-daleam
393 607 598 695 ῥάγ-ε-τραν,
632 608 849 696 &rip-sapon
889 608 1110 693 θέμ-ε-θλον,
1145 608 1238 676 ἕό-ε-

106 705 203 786 dior,
226 704 435 792 μὲν-ε-θλον.

191 803 227 870 0.
273 805 433 871 Suffixo
455 829 579 890 -τρα-
602 812 774 874 utuntur
795 807 917 874 formae
939 806 1017 873 hae:

195 906 226 980 1)
263 900 460 987 ylio-spor·
489 901 633 991 στολή,

191 1004 224 1078 2)
261 997 485 1085 ἀνεστρατόν·
523 999 715 1086 κάλαντρον.
765 1001 913 1069 Glossam
943 1002 1027 1070 enim
1057 1003 1103 1069 sic
1135 1021 1237 1069 corre·

105 1098 225 1165 nerim:
252 1093 502 1188 ἆ-γέσ-τρα·
518 1098 563 1164 τὸ
580 1098 833 1184 adl-orroeos.
857 1097 1055 1183 κάλυπτρον,
1071 1099 1237 1184 quodiam

108 1195 289 1262 Schmidtio
311 1197 448 1280 placuit,
470 1196 556 1264 idem
580 1197 746 1281 significat,
770 1199 856 1282 quod
878 1197 1043 1282 κάλυμμα,
1066 1196 1237 1283 καλυατή-

107 1316 190 1376 ριαν,
215 1290 399 1378 καλύπτρα,
423 1301 456 1362 et
477 1295 566 1378 apud
588 1295 784 1382 Hesychium
806 1297 911 1381 ipsum
935 1298 1045 1380 glossa
1067 1304 1115 1364 est
1136 1293 1237 1361 κάλα-

105 1413 214 1474 arpo,
250 1411 333 1474 quae
360 1411 419 1476 per
446 1390 645 1475 καλύμματα
675 1395 863 1478 explicatur.
908 1397 943 1463 Si
973 1403 1059 1463 recte
1088 1390 1236 1478 ἀμέστρα

106 1488 294 1572 scribimus,
327 1509 446 1556 novum
480 1514 502 1555 α
534 1491 704 1574 prothetici
736 1493 921 1578 exemplum
953 1493 1120 1562 habemns.
1171 1491 1237 1559 Sed

106 1587 218 1669 quaeri
241 1593 362 1670 potest,
385 1587 470 1654 sitne
492 1585 513 1652 ἆ
535 1586 661 1673 με’στρα
683 1590 866 1674 legendum,
896 1591 930 1657 id
952 1591 1038 1675 quod
1060 1592 1237 1660 Schmidtio

106 1685 239 1768 placuit.

188 1783 233 1848 D.
279 1780 422 1848 Eidem
444 1783 577 1850 radici
599 1784 846 1867 adiungitur
868 1786 1062 1852 suffixum
1085 1810 1186 1852 -τα-.

191 1884 226 1959 1)
252 1877 391 1964 ,βαστά
407 1879 553 1957 (fortasse
566 1879 723 1967 βάσ-τα)·
746 1876 886 1968 ὗττοδή
893 1906 1010 1965 ματα.
1041 1879 1236 1951 Ἰταλιῶται.

104 1977 176 2045 Nisi
198 1996 276 2043 mea
296 1996 348 2043 me
370 1977 553 2046 coniectura
573 1979 667 2062 fallit,
689 1977 816 2063 βάστα
840 1979 1096 2063 antiquissimam
1118 1983 1236 2051 radicis

106 2075 244 2142 formam
267 2076 457 2141 asservavit.
1011 2067 1015 2074 ’

190 2177 226 2252 2)
261 2169 432 2254 βέσταν·
467 2171 513 2239 τό
542 2171 718 2256 ἱμάτιον
747 2169 1086 2243 tristaretur.
1131 2179 1235 2245 Simili

106 2291 186 2338 voce
209 2269 360 2335 utebatur
381 2271 449 2336 alia
471 2270 638 2352 dialectus,
661 2292 736 2338 uam
758 2273 793 2338 in
815 2274 921 2358 Etym.
944 2275 987 2340 M.
1012 2277 1082 2358 195,
1106 2280 1157 2360 46,
1181 2277 1235 2342 ubi

107 2367 246 2436 eandem
268 2368 409 2450 glossam
431 2369 542 2452 habes,
565 2369 710 2435 additur:
741 2368 774 2436 αἱ
797 2369 834 2436 db

190 2470 225 2542 3)
259 2462 422 2549 deseos.

191 2569 225 2638 4)
255 2561 278 2628 ’ἕ
285 2581 376 2628 στα·
405 2561 637 2646 ἐνδύματα,
666 2563 751 2646 quod
778 2566 970 2632 vocabulum
992 2588 1050 2650 pro
1073 2567 1236 2650 digammo

105 2662 254 2746 spiritum
275 2679 424 2744 asperum
447 2661 481 2726 in
502 2661 607 2727 fronte
629 2661 737 2728 habet.
769 2660 865 2729 (iuius
880 2664 968 2731 vocis
982 2664 1114 2748 stirpem
1138 2666 1235 2732 etiam

105 2759 138 2824 in
161 2757 359 2826 ἑστοιτωλία
389 2759 575 2835 (secundnm
598 2757 766 2825 Schmidtii
794 2760 1053 2828 emendationem
1074 2762 1234 2831 Ahrensio
1334 2781 1336 2784 ·

105 2855 349 2941 comprobatam
383 2877 442 2938 pro
472 2856 591 2922 codicis
620 2853 809 2922 ἕσταλαττια
837 2883 866 2923 κ.
895 2881 924 2924 τ.
948 2858 990 2934 λ.)
1020 2859 1132 2928 inesse·
1155 2862 1235 2929 satis

105 2960 153 3021 ost
176 2951 344 3020 credibile.
864 3011 866 3016 .
1060 3013 1061 3016 ,

192 3057 225 3126 5)
263 3047 391 3115 ἑσσόν
414 3051 540 3129 (melius
564 3048 694 3128 ἕσσον)
726 3048 909 3132 ἱμάτιον.
954 3054 1077 3120 Eodem
1100 3063 1234 3141 spectat,

106 3148 139 3214 id
162 3146 252 3232 quod
273 3147 375 3231 primo
397 3155 531 3232 aspectu
552 3168 617 3212 non
639 3148 808 3230 probabile
830 3169 901 3218 esse
921 3150 1080 3235 videatur,

192 3249 225 3324 6)
265 3242 443 3310 κάσσόν·
475 3243 663 3328 ἱμάτιον·
693 3244 775 3328 ταχὺ
797 3248 854 3312 καὶ
876 3247 978 3332 τραχὺ
1001 3249 1233 3335 περιβόλαιον.

37 3341 51 3364 “
106 3341 234 3410 κάσσον
257 3341 434 3409 Schmidtio
457 3364 482 3409 s.
505 3363 536 3408 v.
559 3339 662 3408 ἕσαόν
684 3362 727 3429 cn
748 3344 805 3409 καὶ
827 3342 929 3410 ἑσσόν
953 3346 1072 3413 factum
1095 3368 1167 3416 esse
1188 3351 1235 3416 vi·

105 3442 208 3525 datm,
238 3459 321 3524 qnae
347 3460 414 3505 non
442 3440 521 3507 satis
549 3438 727 3523 probabilis
757 3448 806 3508 est
832 3443 1023 3510 coniectura.
1075 3445 1234 3528 Equidem

107 3536 235 3605 κάσσον
251 3557 293 3604 ex
308 3534 360 3617 κά,
384 3556 467 3621 quae
482 3543 531 3604 est
545 3537 648 3604 forma
662 3536 911 3623 praepositionis
926 3536 1013 3606 κατά
1034 3543 1232 3627 brevissima,

106 3643 138 3704 ot
160 3634 264 3702 ἕσσαν
293 3640 398 3701 ortum
425 3654 498 3703 esse
526 3641 614 3719 puto.
657 3635 756 3702 Plura
779 3635 820 3704 dc
847 3638 908 3705 hac
929 3657 965 3703 re
986 3637 1070 3704 infra
1092 3639 1234 3724 disputa·
1312 3725 1315 3732 Ι

105 3734 233 3801 buntur.

191 3831 230 3897 E.
275 3829 589 3897 Suffixum-oc·
611 3828 781 3898 exhibet

192 3924 303 3994 deos·
328 3923 454 4014 στολή
471 3923 616 4012 Πάῳιαι.
645 3926 791 3995 Musurus
808 3925 927 4006 ῧεσις
941 3931 1087 3998 correxit.
1116 3935 1232 4003 Latere

109 4025 234 4094 videtur
256 4024 491 4092 substantivum
507 4022 621 4090 suffixo
635 4046 707 4091 -σι·
720 4025 899 4110 formatum,
922 4025 1010 4096 cuins
1025 4030 1114 4098 vocis
1127 4033 1232 4100 iniens
